%YAML 1.1
%TAG !u! tag:unity3d.com,2011:
--- !u!1 &930081422195248769
GameObject:
  m_ObjectHideFlags: 0
  m_CorrespondingSourceObject: {fileID: 0}
  m_PrefabInstance: {fileID: 0}
  m_PrefabAsset: {fileID: 0}
  serializedVersion: 6
  m_Component:
  - component: {fileID: 930081422195348193}
  m_Layer: 0
  m_Name: B_L_Foot
  m_TagString: Untagged
  m_Icon: {fileID: 0}
  m_NavMeshLayer: 0
  m_StaticEditorFlags: 0
  m_IsActive: 1
--- !u!4 &930081422195348193
Transform:
  m_ObjectHideFlags: 0
  m_CorrespondingSourceObject: {fileID: 0}
  m_PrefabInstance: {fileID: 0}
  m_PrefabAsset: {fileID: 0}
  m_GameObject: {fileID: 930081422195248769}
  m_LocalRotation: {x: -0.008041745, y: 0.030146725, z: -0.05504599, w: 0.9979962}
  m_LocalPosition: {x: -0.5950507, y: -0.000000009536743, z: -0.000000038146972}
  m_LocalScale: {x: 0.9999999, y: 0.9999999, z: 0.99999994}
  m_Children:
  - {fileID: 930081422195348339}
  m_Father: {fileID: 930081422195348199}
  m_RootOrder: 0
  m_LocalEulerAnglesHint: {x: 0, y: 0, z: 0}
--- !u!1 &930081422195248771
GameObject:
  m_ObjectHideFlags: 0
  m_CorrespondingSourceObject: {fileID: 0}
  m_PrefabInstance: {fileID: 0}
  m_PrefabAsset: {fileID: 0}
  serializedVersion: 6
  m_Component:
  - component: {fileID: 930081422195348195}
  m_Layer: 0
  m_Name: B_R_Hand
  m_TagString: Untagged
  m_Icon: {fileID: 0}
  m_NavMeshLayer: 0
  m_StaticEditorFlags: 0
  m_IsActive: 1
--- !u!4 &930081422195348195
Transform:
  m_ObjectHideFlags: 0
  m_CorrespondingSourceObject: {fileID: 0}
  m_PrefabInstance: {fileID: 0}
  m_PrefabAsset: {fileID: 0}
  m_GameObject: {fileID: 930081422195248771}
  m_LocalRotation: {x: 0.7071034, y: -0.001535009, z: -0.0015344461, w: 0.7071068}
  m_LocalPosition: {x: -0.35489616, y: -0.00000008702278, z: -0.00000030517577}
  m_LocalScale: {x: 1.0000001, y: 0.99999994, z: 1.0000002}
  m_Children:
  - {fileID: 930081422195348189}
  - {fileID: 930081422195348171}
  - {fileID: 930081422195348347}
  - {fileID: 930081422195348349}
  - {fileID: 930081422195348231}
  m_Father: {fileID: 930081422195348179}
  m_RootOrder: 0
  m_LocalEulerAnglesHint: {x: 0, y: 0, z: 0}
--- !u!1 &930081422195248773
GameObject:
  m_ObjectHideFlags: 0
  m_CorrespondingSourceObject: {fileID: 0}
  m_PrefabInstance: {fileID: 0}
  m_PrefabAsset: {fileID: 0}
  serializedVersion: 6
  m_Component:
  - component: {fileID: 930081422195348197}
  m_Layer: 0
  m_Name: B_L_Thigh
  m_TagString: Untagged
  m_Icon: {fileID: 0}
  m_NavMeshLayer: 0
  m_StaticEditorFlags: 0
  m_IsActive: 1
--- !u!4 &930081422195348197
Transform:
  m_ObjectHideFlags: 0
  m_CorrespondingSourceObject: {fileID: 0}
  m_PrefabInstance: {fileID: 0}
  m_PrefabAsset: {fileID: 0}
  m_GameObject: {fileID: 930081422195248773}
  m_LocalRotation: {x: 0.005688404, y: 0.99954396, z: 0.0002067759, w: 0.029656004}
  m_LocalPosition: {x: -0, y: 0.00000021971762, z: 0.1165233}
  m_LocalScale: {x: 0.99999994, y: 1, z: 1}
  m_Children:
  - {fileID: 930081422195348199}
  m_Father: {fileID: 930081422195348185}
  m_RootOrder: 0
  m_LocalEulerAnglesHint: {x: 0, y: 0, z: 0}
--- !u!1 &930081422195248775
GameObject:
  m_ObjectHideFlags: 0
  m_CorrespondingSourceObject: {fileID: 0}
  m_PrefabInstance: {fileID: 0}
  m_PrefabAsset: {fileID: 0}
  serializedVersion: 6
  m_Component:
  - component: {fileID: 930081422195348199}
  m_Layer: 0
  m_Name: B_L_Calf
  m_TagString: Untagged
  m_Icon: {fileID: 0}
  m_NavMeshLayer: 0
  m_StaticEditorFlags: 0
  m_IsActive: 1
--- !u!4 &930081422195348199
Transform:
  m_ObjectHideFlags: 0
  m_CorrespondingSourceObject: {fileID: 0}
  m_PrefabInstance: {fileID: 0}
  m_PrefabAsset: {fileID: 0}
  m_GameObject: {fileID: 930081422195248775}
  m_LocalRotation: {x: -0.0000040195077, y: 0.00000015627745, z: 0.049677882, w: 0.9987653}
  m_LocalPosition: {x: -0.59167975, y: 0.0000000047683715, z: 0.000000038146972}
  m_LocalScale: {x: 1.0000002, y: 1.0000002, z: 1.0000001}
  m_Children:
  - {fileID: 930081422195348193}
  m_Father: {fileID: 930081422195348197}
  m_RootOrder: 0
  m_LocalEulerAnglesHint: {x: 0, y: 0, z: 0}
--- !u!1 &930081422195248781
GameObject:
  m_ObjectHideFlags: 0
  m_CorrespondingSourceObject: {fileID: 0}
  m_PrefabInstance: {fileID: 0}
  m_PrefabAsset: {fileID: 0}
  serializedVersion: 6
  m_Component:
  - component: {fileID: 930081422195348205}
  m_Layer: 0
  m_Name: B_L_Forearm
  m_TagString: Untagged
  m_Icon: {fileID: 0}
  m_NavMeshLayer: 0
  m_StaticEditorFlags: 0
  m_IsActive: 1
--- !u!4 &930081422195348205
Transform:
  m_ObjectHideFlags: 0
  m_CorrespondingSourceObject: {fileID: 0}
  m_PrefabInstance: {fileID: 0}
  m_PrefabAsset: {fileID: 0}
  m_GameObject: {fileID: 930081422195248781}
  m_LocalRotation: {x: 0.000000016202893, y: 0.000000036879893, z: 0.0021768883, w: 0.9999976}
  m_LocalPosition: {x: -0.35551214, y: -0.000000035762785, z: 0.00000015258789}
  m_LocalScale: {x: 1.0000001, y: 1.0000001, z: 0.99999976}
  m_Children:
  - {fileID: 930081422195348207}
  m_Father: {fileID: 930081422195348211}
  m_RootOrder: 0
  m_LocalEulerAnglesHint: {x: 0, y: 0, z: 0}
--- !u!1 &930081422195248783
GameObject:
  m_ObjectHideFlags: 0
  m_CorrespondingSourceObject: {fileID: 0}
  m_PrefabInstance: {fileID: 0}
  m_PrefabAsset: {fileID: 0}
  serializedVersion: 6
  m_Component:
  - component: {fileID: 930081422195348207}
  m_Layer: 0
  m_Name: B_L_Hand
  m_TagString: Untagged
  m_Icon: {fileID: 0}
  m_NavMeshLayer: 0
  m_StaticEditorFlags: 0
  m_IsActive: 1
--- !u!4 &930081422195348207
Transform:
  m_ObjectHideFlags: 0
  m_CorrespondingSourceObject: {fileID: 0}
  m_PrefabInstance: {fileID: 0}
  m_PrefabAsset: {fileID: 0}
  m_GameObject: {fileID: 930081422195248783}
  m_LocalRotation: {x: -0.7071035, y: 0.0015351239, z: -0.0015344981, w: 0.70710677}
  m_LocalPosition: {x: -0.35489592, y: -0.0000000667572, z: -0.00000015258789}
  m_LocalScale: {x: 0.99999994, y: 0.9999998, z: 1.0000005}
  m_Children:
  - {fileID: 930081422195348219}
  - {fileID: 930081422195348215}
  - {fileID: 930081422195348317}
  - {fileID: 930081422195348327}
  - {fileID: 930081422195348329}
  m_Father: {fileID: 930081422195348205}
  m_RootOrder: 0
  m_LocalEulerAnglesHint: {x: 0, y: 0, z: 0}
--- !u!1 &930081422195248785
GameObject:
  m_ObjectHideFlags: 0
  m_CorrespondingSourceObject: {fileID: 0}
  m_PrefabInstance: {fileID: 0}
  m_PrefabAsset: {fileID: 0}
  serializedVersion: 6
  m_Component:
  - component: {fileID: 930081422195348209}
  - component: {fileID: 930081422204615971}
  m_Layer: 0
  m_Name: 0001_Model
  m_TagString: Untagged
  m_Icon: {fileID: 0}
  m_NavMeshLayer: 0
  m_StaticEditorFlags: 0
  m_IsActive: 1
--- !u!4 &930081422195348209
Transform:
  m_ObjectHideFlags: 0
  m_CorrespondingSourceObject: {fileID: 0}
  m_PrefabInstance: {fileID: 0}
  m_PrefabAsset: {fileID: 0}
  m_GameObject: {fileID: 930081422195248785}
  m_LocalRotation: {x: 0, y: 0, z: 0, w: 1}
  m_LocalPosition: {x: 3.73, y: 0, z: 0}
  m_LocalScale: {x: 1, y: 1, z: 1}
  m_Children:
  - {fileID: 930081422195348237}
  - {fileID: 930081422195348241}
  - {fileID: 2554085412004799493}
  m_Father: {fileID: 0}
  m_RootOrder: 0
  m_LocalEulerAnglesHint: {x: 0, y: 0, z: 0}
--- !u!95 &930081422204615971
Animator:
  serializedVersion: 3
  m_ObjectHideFlags: 0
  m_CorrespondingSourceObject: {fileID: 0}
  m_PrefabInstance: {fileID: 0}
  m_PrefabAsset: {fileID: 0}
  m_GameObject: {fileID: 930081422195248785}
  m_Enabled: 1
  m_Avatar: {fileID: 9000000, guid: e57e9b8cd5e115f4f8d7736473e5c7fd, type: 3}
  m_Controller: {fileID: 9100000, guid: 004984a8c1a1d44448e4ae110fcfbad8, type: 2}
  m_CullingMode: 1
  m_UpdateMode: 0
  m_ApplyRootMotion: 0
  m_LinearVelocityBlending: 0
  m_WarningMessage: 
  m_HasTransformHierarchy: 1
  m_AllowConstantClipSamplingOptimization: 1
  m_KeepAnimatorControllerStateOnDisable: 0
--- !u!1 &930081422195248787
GameObject:
  m_ObjectHideFlags: 0
  m_CorrespondingSourceObject: {fileID: 0}
  m_PrefabInstance: {fileID: 0}
  m_PrefabAsset: {fileID: 0}
  serializedVersion: 6
  m_Component:
  - component: {fileID: 930081422195348211}
  m_Layer: 0
  m_Name: B_L_UpperArm
  m_TagString: Untagged
  m_Icon: {fileID: 0}
  m_NavMeshLayer: 0
  m_StaticEditorFlags: 0
  m_IsActive: 1
--- !u!4 &930081422195348211
Transform:
  m_ObjectHideFlags: 0
  m_CorrespondingSourceObject: {fileID: 0}
  m_PrefabInstance: {fileID: 0}
  m_PrefabAsset: {fileID: 0}
  m_GameObject: {fileID: 930081422195248787}
  m_LocalRotation: {x: 0.00039588264, y: 0.000030210404, z: 0.00022920946, w: 0.9999999}
  m_LocalPosition: {x: -0.27203572, y: 0.000000019073486, z: 0}
  m_LocalScale: {x: 0.9999999, y: 0.9999997, z: 1.0000002}
  m_Children:
  - {fileID: 930081422195348205}
  m_Father: {fileID: 930081422195348099}
  m_RootOrder: 0
  m_LocalEulerAnglesHint: {x: 0, y: 0, z: 0}
--- !u!1 &930081422195248789
GameObject:
  m_ObjectHideFlags: 0
  m_CorrespondingSourceObject: {fileID: 0}
  m_PrefabInstance: {fileID: 0}
  m_PrefabAsset: {fileID: 0}
  serializedVersion: 6
  m_Component:
  - component: {fileID: 930081422195348213}
  m_Layer: 0
  m_Name: B_L_Finger01
  m_TagString: Untagged
  m_Icon: {fileID: 0}
  m_NavMeshLayer: 0
  m_StaticEditorFlags: 0
  m_IsActive: 1
--- !u!4 &930081422195348213
Transform:
  m_ObjectHideFlags: 0
  m_CorrespondingSourceObject: {fileID: 0}
  m_PrefabInstance: {fileID: 0}
  m_PrefabAsset: {fileID: 0}
  m_GameObject: {fileID: 930081422195248789}
  m_LocalRotation: {x: 0.0000008754433, y: 0.00000001938639, z: 0.00000006599024, w: 1}
  m_LocalPosition: {x: -0.048670728, y: -0.0000000047683715, z: -0.00000030517577}
  m_LocalScale: {x: 1.0000001, y: 0.99999994, z: 0.99999976}
  m_Children:
  - {fileID: 930081422195348313}
  m_Father: {fileID: 930081422195348219}
  m_RootOrder: 0
  m_LocalEulerAnglesHint: {x: 0, y: 0, z: 0}
--- !u!1 &930081422195248791
GameObject:
  m_ObjectHideFlags: 0
  m_CorrespondingSourceObject: {fileID: 0}
  m_PrefabInstance: {fileID: 0}
  m_PrefabAsset: {fileID: 0}
  serializedVersion: 6
  m_Component:
  - component: {fileID: 930081422195348215}
  m_Layer: 0
  m_Name: B_L_Finger1
  m_TagString: Untagged
  m_Icon: {fileID: 0}
  m_NavMeshLayer: 0
  m_StaticEditorFlags: 0
  m_IsActive: 1
--- !u!4 &930081422195348215
Transform:
  m_ObjectHideFlags: 0
  m_CorrespondingSourceObject: {fileID: 0}
  m_PrefabInstance: {fileID: 0}
  m_PrefabAsset: {fileID: 0}
  m_GameObject: {fileID: 930081422195248791}
  m_LocalRotation: {x: 0.7071067, y: -0.0000000535421, z: 0.00000006367752, w: 0.7071068}
  m_LocalPosition: {x: -0.17315124, y: -0.026357422, z: -0.049068086}
  m_LocalScale: {x: 1.0000001, y: 0.9999999, z: 1.0000004}
  m_Children:
  - {fileID: 930081422195348183}
  m_Father: {fileID: 930081422195348207}
  m_RootOrder: 1
  m_LocalEulerAnglesHint: {x: 0, y: 0, z: 0}
--- !u!1 &930081422195248795
GameObject:
  m_ObjectHideFlags: 0
  m_CorrespondingSourceObject: {fileID: 0}
  m_PrefabInstance: {fileID: 0}
  m_PrefabAsset: {fileID: 0}
  serializedVersion: 6
  m_Component:
  - component: {fileID: 930081422195348219}
  m_Layer: 0
  m_Name: B_L_Finger0
  m_TagString: Untagged
  m_Icon: {fileID: 0}
  m_NavMeshLayer: 0
  m_StaticEditorFlags: 0
  m_IsActive: 1
--- !u!4 &930081422195348219
Transform:
  m_ObjectHideFlags: 0
  m_CorrespondingSourceObject: {fileID: 0}
  m_PrefabInstance: {fileID: 0}
  m_PrefabAsset: {fileID: 0}
  m_GameObject: {fileID: 930081422195248795}
  m_LocalRotation: {x: 0.72094166, y: 0.000003977571, z: 0.0000041804083, w: 0.6929958}
  m_LocalPosition: {x: -0.12316856, y: -0.00520874, z: -0.09563878}
  m_LocalScale: {x: 1.0000005, y: 1, z: 1}
  m_Children:
  - {fileID: 930081422195348213}
  m_Father: {fileID: 930081422195348207}
  m_RootOrder: 0
  m_LocalEulerAnglesHint: {x: 0, y: 0, z: 0}
--- !u!1 &930081422195248803
GameObject:
  m_ObjectHideFlags: 0
  m_CorrespondingSourceObject: {fileID: 0}
  m_PrefabInstance: {fileID: 0}
  m_PrefabAsset: {fileID: 0}
  serializedVersion: 6
  m_Component:
  - component: {fileID: 930081422195348099}
  m_Layer: 0
  m_Name: B_L_Clavicle
  m_TagString: Untagged
  m_Icon: {fileID: 0}
  m_NavMeshLayer: 0
  m_StaticEditorFlags: 0
  m_IsActive: 1
--- !u!4 &930081422195348099
Transform:
  m_ObjectHideFlags: 0
  m_CorrespondingSourceObject: {fileID: 0}
  m_PrefabInstance: {fileID: 0}
  m_PrefabAsset: {fileID: 0}
  m_GameObject: {fileID: 930081422195248803}
  m_LocalRotation: {x: 0.70710677, y: 0.00028134102, z: -0.70710677, w: 0.00028134102}
  m_LocalPosition: {x: -0.12008545, y: -0.014548614, z: 0.053027954}
  m_LocalScale: {x: 1, y: 0.9999999, z: 0.99999976}
  m_Children:
  - {fileID: 930081422195348211}
  m_Father: {fileID: 930081422195348239}
  m_RootOrder: 0
  m_LocalEulerAnglesHint: {x: 0, y: 0, z: 0}
--- !u!1 &930081422195248805
GameObject:
  m_ObjectHideFlags: 0
  m_CorrespondingSourceObject: {fileID: 0}
  m_PrefabInstance: {fileID: 0}
  m_PrefabAsset: {fileID: 0}
  serializedVersion: 6
  m_Component:
  - component: {fileID: 930081422195348101}
  m_Layer: 0
  m_Name: B_R_Clavicle
  m_TagString: Untagged
  m_Icon: {fileID: 0}
  m_NavMeshLayer: 0
  m_StaticEditorFlags: 0
  m_IsActive: 1
--- !u!4 &930081422195348101
Transform:
  m_ObjectHideFlags: 0
  m_CorrespondingSourceObject: {fileID: 0}
  m_PrefabInstance: {fileID: 0}
  m_PrefabAsset: {fileID: 0}
  m_GameObject: {fileID: 930081422195248805}
  m_LocalRotation: {x: 0.70710677, y: 0.00028134102, z: 0.70710677, w: -0.00028134102}
  m_LocalPosition: {x: -0.12008545, y: -0.014548268, z: -0.053028047}
  m_LocalScale: {x: 1.0000001, y: 0.99999976, z: 0.99999964}
  m_Children:
  - {fileID: 930081422195348177}
  m_Father: {fileID: 930081422195348239}
  m_RootOrder: 2
  m_LocalEulerAnglesHint: {x: 0, y: 0, z: 0}
--- !u!1 &930081422195248807
GameObject:
  m_ObjectHideFlags: 0
  m_CorrespondingSourceObject: {fileID: 0}
  m_PrefabInstance: {fileID: 0}
  m_PrefabAsset: {fileID: 0}
  serializedVersion: 6
  m_Component:
  - component: {fileID: 930081422195348103}
  m_Layer: 0
  m_Name: B_Neck
  m_TagString: Untagged
  m_Icon: {fileID: 0}
  m_NavMeshLayer: 0
  m_StaticEditorFlags: 0
  m_IsActive: 1
--- !u!4 &930081422195348103
Transform:
  m_ObjectHideFlags: 0
  m_CorrespondingSourceObject: {fileID: 0}
  m_PrefabInstance: {fileID: 0}
  m_PrefabAsset: {fileID: 0}
  m_GameObject: {fileID: 930081422195248807}
  m_LocalRotation: {x: 0.00000022412031, y: -0.00000028685258, z: -0.00000036507453, w: 1}
  m_LocalPosition: {x: -0.33545333, y: -0.030458547, z: 9.983341e-10}
  m_LocalScale: {x: 0.99999976, y: 0.99999976, z: 1}
  m_Children:
  - {fileID: 930081422195348167}
  m_Father: {fileID: 930081422195348239}
  m_RootOrder: 1
  m_LocalEulerAnglesHint: {x: 0, y: 0, z: 0}
--- !u!1 &930081422195248869
GameObject:
  m_ObjectHideFlags: 0
  m_CorrespondingSourceObject: {fileID: 0}
  m_PrefabInstance: {fileID: 0}
  m_PrefabAsset: {fileID: 0}
  serializedVersion: 6
  m_Component:
  - component: {fileID: 930081422195348165}
  m_Layer: 0
  m_Name: B_R_Finger11
  m_TagString: Untagged
  m_Icon: {fileID: 0}
  m_NavMeshLayer: 0
  m_StaticEditorFlags: 0
  m_IsActive: 1
--- !u!4 &930081422195348165
Transform:
  m_ObjectHideFlags: 0
  m_CorrespondingSourceObject: {fileID: 0}
  m_PrefabInstance: {fileID: 0}
  m_PrefabAsset: {fileID: 0}
  m_GameObject: {fileID: 930081422195248869}
  m_LocalRotation: {x: -0.000000031672876, y: 0.00000032037462, z: -0.0000063155308, w: 1}
  m_LocalPosition: {x: -0.05438858, y: -0.0000000047683715, z: 0}
  m_LocalScale: {x: 1.0000001, y: 0.9999998, z: 1}
  m_Children:
  - {fileID: 930081422195348341}
  m_Father: {fileID: 930081422195348171}
  m_RootOrder: 0
  m_LocalEulerAnglesHint: {x: 0, y: 0, z: 0}
--- !u!1 &930081422195248871
GameObject:
  m_ObjectHideFlags: 0
  m_CorrespondingSourceObject: {fileID: 0}
  m_PrefabInstance: {fileID: 0}
  m_PrefabAsset: {fileID: 0}
  serializedVersion: 6
  m_Component:
  - component: {fileID: 930081422195348167}
  m_Layer: 0
  m_Name: B_Head
  m_TagString: Untagged
  m_Icon: {fileID: 0}
  m_NavMeshLayer: 0
  m_StaticEditorFlags: 0
  m_IsActive: 1
--- !u!4 &930081422195348167
Transform:
  m_ObjectHideFlags: 0
  m_CorrespondingSourceObject: {fileID: 0}
  m_PrefabInstance: {fileID: 0}
  m_PrefabAsset: {fileID: 0}
  m_GameObject: {fileID: 930081422195248871}
  m_LocalRotation: {x: -0.000007221261, y: 0.000000551527, z: 0.000000068821045, w: 1}
  m_LocalPosition: {x: -0.109315485, y: -0.0026627253, z: 0.0000000026151246}
  m_LocalScale: {x: 1, y: 1, z: 1}
  m_Children: []
  m_Father: {fileID: 930081422195348103}
  m_RootOrder: 0
  m_LocalEulerAnglesHint: {x: 0, y: 0, z: 0}
--- !u!1 &930081422195248873
GameObject:
  m_ObjectHideFlags: 0
  m_CorrespondingSourceObject: {fileID: 0}
  m_PrefabInstance: {fileID: 0}
  m_PrefabAsset: {fileID: 0}
  serializedVersion: 6
  m_Component:
  - component: {fileID: 930081422195348169}
  m_Layer: 0
  m_Name: B_R_Foot
  m_TagString: Untagged
  m_Icon: {fileID: 0}
  m_NavMeshLayer: 0
  m_StaticEditorFlags: 0
  m_IsActive: 1
--- !u!4 &930081422195348169
Transform:
  m_ObjectHideFlags: 0
  m_CorrespondingSourceObject: {fileID: 0}
  m_PrefabInstance: {fileID: 0}
  m_PrefabAsset: {fileID: 0}
  m_GameObject: {fileID: 930081422195248873}
  m_LocalRotation: {x: 0.008042244, y: -0.030146819, z: -0.055045996, w: 0.9979962}
  m_LocalPosition: {x: -0.5950507, y: -0.000000019073486, z: 0.000000057220458}
  m_LocalScale: {x: 0.9999999, y: 0.9999998, z: 1}
  m_Children:
  - {fileID: 930081422195348233}
  m_Father: {fileID: 930081422195348175}
  m_RootOrder: 0
  m_LocalEulerAnglesHint: {x: 0, y: 0, z: 0}
--- !u!1 &930081422195248875
GameObject:
  m_ObjectHideFlags: 0
  m_CorrespondingSourceObject: {fileID: 0}
  m_PrefabInstance: {fileID: 0}
  m_PrefabAsset: {fileID: 0}
  serializedVersion: 6
  m_Component:
  - component: {fileID: 930081422195348171}
  m_Layer: 0
  m_Name: B_R_Finger1
  m_TagString: Untagged
  m_Icon: {fileID: 0}
  m_NavMeshLayer: 0
  m_StaticEditorFlags: 0
  m_IsActive: 1
--- !u!4 &930081422195348171
Transform:
  m_ObjectHideFlags: 0
  m_CorrespondingSourceObject: {fileID: 0}
  m_PrefabInstance: {fileID: 0}
  m_PrefabAsset: {fileID: 0}
  m_GameObject: {fileID: 930081422195248875}
  m_LocalRotation: {x: -0.7071068, y: -0.000000037841307, z: 0.000000081224236, w: 0.7071068}
  m_LocalPosition: {x: -0.17315146, y: -0.026357422, z: 0.049068164}
  m_LocalScale: {x: 0.9999999, y: 1, z: 1.0000002}
  m_Children:
  - {fileID: 930081422195348165}
  m_Father: {fileID: 930081422195348195}
  m_RootOrder: 1
  m_LocalEulerAnglesHint: {x: 0, y: 0, z: 0}
--- !u!1 &930081422195248877
GameObject:
  m_ObjectHideFlags: 0
  m_CorrespondingSourceObject: {fileID: 0}
  m_PrefabInstance: {fileID: 0}
  m_PrefabAsset: {fileID: 0}
  serializedVersion: 6
  m_Component:
  - component: {fileID: 930081422195348173}
  m_Layer: 0
  m_Name: B_R_Thigh
  m_TagString: Untagged
  m_Icon: {fileID: 0}
  m_NavMeshLayer: 0
  m_StaticEditorFlags: 0
  m_IsActive: 1
--- !u!4 &930081422195348173
Transform:
  m_ObjectHideFlags: 0
  m_CorrespondingSourceObject: {fileID: 0}
  m_PrefabInstance: {fileID: 0}
  m_PrefabAsset: {fileID: 0}
  m_GameObject: {fileID: 930081422195248877}
  m_LocalRotation: {x: 0.005688329, y: 0.99954396, z: -0.00020930552, w: -0.029655885}
  m_LocalPosition: {x: -0, y: -0.00000010229647, z: -0.1165233}
  m_LocalScale: {x: 0.9999999, y: 1, z: 1}
  m_Children:
  - {fileID: 930081422195348175}
  m_Father: {fileID: 930081422195348185}
  m_RootOrder: 1
  m_LocalEulerAnglesHint: {x: 0, y: 0, z: 0}
--- !u!1 &930081422195248879
GameObject:
  m_ObjectHideFlags: 0
  m_CorrespondingSourceObject: {fileID: 0}
  m_PrefabInstance: {fileID: 0}
  m_PrefabAsset: {fileID: 0}
  serializedVersion: 6
  m_Component:
  - component: {fileID: 930081422195348175}
  m_Layer: 0
  m_Name: B_R_Calf
  m_TagString: Untagged
  m_Icon: {fileID: 0}
  m_NavMeshLayer: 0
  m_StaticEditorFlags: 0
  m_IsActive: 1
--- !u!4 &930081422195348175
Transform:
  m_ObjectHideFlags: 0
  m_CorrespondingSourceObject: {fileID: 0}
  m_PrefabInstance: {fileID: 0}
  m_PrefabAsset: {fileID: 0}
  m_GameObject: {fileID: 930081422195248879}
  m_LocalRotation: {x: 0.0000023839361, y: -0.00000007164932, z: 0.049677882, w: 0.9987653}
  m_LocalPosition: {x: -0.5916798, y: -0.0000000011920929, z: 0.000000038146972}
  m_LocalScale: {x: 1.0000002, y: 1.0000001, z: 1}
  m_Children:
  - {fileID: 930081422195348169}
  m_Father: {fileID: 930081422195348173}
  m_RootOrder: 0
  m_LocalEulerAnglesHint: {x: 0, y: 0, z: 0}
--- !u!1 &930081422195248881
GameObject:
  m_ObjectHideFlags: 0
  m_CorrespondingSourceObject: {fileID: 0}
  m_PrefabInstance: {fileID: 0}
  m_PrefabAsset: {fileID: 0}
  serializedVersion: 6
  m_Component:
  - component: {fileID: 930081422195348177}
  m_Layer: 0
  m_Name: B_R_UpperArm
  m_TagString: Untagged
  m_Icon: {fileID: 0}
  m_NavMeshLayer: 0
  m_StaticEditorFlags: 0
  m_IsActive: 1
--- !u!4 &930081422195348177
Transform:
  m_ObjectHideFlags: 0
  m_CorrespondingSourceObject: {fileID: 0}
  m_PrefabInstance: {fileID: 0}
  m_PrefabAsset: {fileID: 0}
  m_GameObject: {fileID: 930081422195248881}
  m_LocalRotation: {x: -0.00039575927, y: -0.000031750515, z: 0.00021429121, w: 0.99999994}
  m_LocalPosition: {x: -0.27203563, y: 0.0000001347065, z: 0.00000015258789}
  m_LocalScale: {x: 0.99999994, y: 1.0000001, z: 0.9999998}
  m_Children:
  - {fileID: 930081422195348179}
  m_Father: {fileID: 930081422195348101}
  m_RootOrder: 0
  m_LocalEulerAnglesHint: {x: 0, y: 0, z: 0}
--- !u!1 &930081422195248883
GameObject:
  m_ObjectHideFlags: 0
  m_CorrespondingSourceObject: {fileID: 0}
  m_PrefabInstance: {fileID: 0}
  m_PrefabAsset: {fileID: 0}
  serializedVersion: 6
  m_Component:
  - component: {fileID: 930081422195348179}
  m_Layer: 0
  m_Name: B_R_Forearm
  m_TagString: Untagged
  m_Icon: {fileID: 0}
  m_NavMeshLayer: 0
  m_StaticEditorFlags: 0
  m_IsActive: 1
--- !u!4 &930081422195348179
Transform:
  m_ObjectHideFlags: 0
  m_CorrespondingSourceObject: {fileID: 0}
  m_PrefabInstance: {fileID: 0}
  m_PrefabAsset: {fileID: 0}
  m_GameObject: {fileID: 930081422195248883}
  m_LocalRotation: {x: 0.00000009072137, y: 0.000000003057888, z: 0.0021765858, w: 0.9999977}
  m_LocalPosition: {x: -0.35551205, y: 0.00000000834465, z: 0.00000015258789}
  m_LocalScale: {x: 0.99999994, y: 0.99999976, z: 1.0000001}
  m_Children:
  - {fileID: 930081422195348195}
  m_Father: {fileID: 930081422195348177}
  m_RootOrder: 0
  m_LocalEulerAnglesHint: {x: 0, y: 0, z: 0}
--- !u!1 &930081422195248885
GameObject:
  m_ObjectHideFlags: 0
  m_CorrespondingSourceObject: {fileID: 0}
  m_PrefabInstance: {fileID: 0}
  m_PrefabAsset: {fileID: 0}
  serializedVersion: 6
  m_Component:
  - component: {fileID: 930081422195348181}
  m_Layer: 0
  m_Name: B_Spine1
  m_TagString: Untagged
  m_Icon: {fileID: 0}
  m_NavMeshLayer: 0
  m_StaticEditorFlags: 0
  m_IsActive: 1
--- !u!4 &930081422195348181
Transform:
  m_ObjectHideFlags: 0
  m_CorrespondingSourceObject: {fileID: 0}
  m_PrefabInstance: {fileID: 0}
  m_PrefabAsset: {fileID: 0}
  m_GameObject: {fileID: 930081422195248885}
  m_LocalRotation: {x: -0.00000008811912, y: -0.0000000634867, z: 0.000000044238877, w: 1}
  m_LocalPosition: {x: -0.17632355, y: -0.0002012062, z: -3.3069228e-10}
  m_LocalScale: {x: 1, y: 1, z: 1}
  m_Children:
  - {fileID: 930081422195348239}
  m_Father: {fileID: 930081422195348187}
  m_RootOrder: 0
  m_LocalEulerAnglesHint: {x: 0, y: 0, z: 0}
--- !u!1 &930081422195248887
GameObject:
  m_ObjectHideFlags: 0
  m_CorrespondingSourceObject: {fileID: 0}
  m_PrefabInstance: {fileID: 0}
  m_PrefabAsset: {fileID: 0}
  serializedVersion: 6
  m_Component:
  - component: {fileID: 930081422195348183}
  m_Layer: 0
  m_Name: B_L_Finger11
  m_TagString: Untagged
  m_Icon: {fileID: 0}
  m_NavMeshLayer: 0
  m_StaticEditorFlags: 0
  m_IsActive: 1
--- !u!4 &930081422195348183
Transform:
  m_ObjectHideFlags: 0
  m_CorrespondingSourceObject: {fileID: 0}
  m_PrefabInstance: {fileID: 0}
  m_PrefabAsset: {fileID: 0}
  m_GameObject: {fileID: 930081422195248887}
  m_LocalRotation: {x: 0.00000007077848, y: -0.00000023096804, z: -0.000006350688, w: 1}
  m_LocalPosition: {x: -0.05438873, y: 0, z: 0.00000015258789}
  m_LocalScale: {x: 0.9999999, y: 0.9999998, z: 1}
  m_Children:
  - {fileID: 930081422195348319}
  m_Father: {fileID: 930081422195348215}
  m_RootOrder: 0
  m_LocalEulerAnglesHint: {x: 0, y: 0, z: 0}
--- !u!1 &930081422195248889
GameObject:
  m_ObjectHideFlags: 0
  m_CorrespondingSourceObject: {fileID: 0}
  m_PrefabInstance: {fileID: 0}
  m_PrefabAsset: {fileID: 0}
  serializedVersion: 6
  m_Component:
  - component: {fileID: 930081422195348185}
  m_Layer: 0
  m_Name: B_Pelvis
  m_TagString: Untagged
  m_Icon: {fileID: 0}
  m_NavMeshLayer: 0
  m_StaticEditorFlags: 0
  m_IsActive: 1
--- !u!4 &930081422195348185
Transform:
  m_ObjectHideFlags: 0
  m_CorrespondingSourceObject: {fileID: 0}
  m_PrefabInstance: {fileID: 0}
  m_PrefabAsset: {fileID: 0}
  m_GameObject: {fileID: 930081422195248889}
  m_LocalRotation: {x: -0.4999996, y: 0.5000004, z: 0.4999996, w: 0.5000004}
  m_LocalPosition: {x: -0.00051556213, y: -0.00000031575516, z: 1.3299356}
  m_LocalScale: {x: 1, y: 1, z: 1}
  m_Children:
  - {fileID: 930081422195348197}
  - {fileID: 930081422195348173}
  - {fileID: 930081422195348187}
  m_Father: {fileID: 930081422195348237}
  m_RootOrder: 0
  m_LocalEulerAnglesHint: {x: 0, y: 0, z: 0}
--- !u!1 &930081422195248891
GameObject:
  m_ObjectHideFlags: 0
  m_CorrespondingSourceObject: {fileID: 0}
  m_PrefabInstance: {fileID: 0}
  m_PrefabAsset: {fileID: 0}
  serializedVersion: 6
  m_Component:
  - component: {fileID: 930081422195348187}
  m_Layer: 0
  m_Name: B_Spine
  m_TagString: Untagged
  m_Icon: {fileID: 0}
  m_NavMeshLayer: 0
  m_StaticEditorFlags: 0
  m_IsActive: 1
--- !u!4 &930081422195348187
Transform:
  m_ObjectHideFlags: 0
  m_CorrespondingSourceObject: {fileID: 0}
  m_PrefabInstance: {fileID: 0}
  m_PrefabAsset: {fileID: 0}
  m_GameObject: {fileID: 930081422195248891}
  m_LocalRotation: {x: 0.0000068908844, y: -0.00000038425244, z: -0.0000016213071, w: 1}
  m_LocalPosition: {x: -0.092604674, y: 0.033955924, z: -0.000000053523397}
  m_LocalScale: {x: 1, y: 1, z: 1}
  m_Children:
  - {fileID: 930081422195348181}
  m_Father: {fileID: 930081422195348185}
  m_RootOrder: 2
  m_LocalEulerAnglesHint: {x: 0, y: 0, z: 0}
--- !u!1 &930081422195248893
GameObject:
  m_ObjectHideFlags: 0
  m_CorrespondingSourceObject: {fileID: 0}
  m_PrefabInstance: {fileID: 0}
  m_PrefabAsset: {fileID: 0}
  serializedVersion: 6
  m_Component:
  - component: {fileID: 930081422195348189}
  m_Layer: 0
  m_Name: B_R_Finger0
  m_TagString: Untagged
  m_Icon: {fileID: 0}
  m_NavMeshLayer: 0
  m_StaticEditorFlags: 0
  m_IsActive: 1
--- !u!4 &930081422195348189
Transform:
  m_ObjectHideFlags: 0
  m_CorrespondingSourceObject: {fileID: 0}
  m_PrefabInstance: {fileID: 0}
  m_PrefabAsset: {fileID: 0}
  m_GameObject: {fileID: 930081422195248893}
  m_LocalRotation: {x: -0.7209417, y: -0.0000040680743, z: 0.0000042807246, w: 0.6929958}
  m_LocalPosition: {x: -0.12316841, y: -0.0052085877, z: 0.09563885}
  m_LocalScale: {x: 1.0000005, y: 0.9999998, z: 0.9999994}
  m_Children:
  - {fileID: 930081422195348191}
  m_Father: {fileID: 930081422195348195}
  m_RootOrder: 0
  m_LocalEulerAnglesHint: {x: 0, y: 0, z: 0}
--- !u!1 &930081422195248895
GameObject:
  m_ObjectHideFlags: 0
  m_CorrespondingSourceObject: {fileID: 0}
  m_PrefabInstance: {fileID: 0}
  m_PrefabAsset: {fileID: 0}
  serializedVersion: 6
  m_Component:
  - component: {fileID: 930081422195348191}
  m_Layer: 0
  m_Name: B_R_Finger01
  m_TagString: Untagged
  m_Icon: {fileID: 0}
  m_NavMeshLayer: 0
  m_StaticEditorFlags: 0
  m_IsActive: 1
--- !u!4 &930081422195348191
Transform:
  m_ObjectHideFlags: 0
  m_CorrespondingSourceObject: {fileID: 0}
  m_PrefabInstance: {fileID: 0}
  m_PrefabAsset: {fileID: 0}
  m_GameObject: {fileID: 930081422195248895}
  m_LocalRotation: {x: -0.0000008698553, y: 0.00000019018992, z: -0.0000000013309656, w: 1}
  m_LocalPosition: {x: -0.048670806, y: -0.00000015735625, z: 0.00000015258789}
  m_LocalScale: {x: 0.9999998, y: 1, z: 1.0000002}
  m_Children:
  - {fileID: 930081422195348343}
  m_Father: {fileID: 930081422195348189}
  m_RootOrder: 0
  m_LocalEulerAnglesHint: {x: 0, y: 0, z: 0}
--- !u!1 &930081422195248897
GameObject:
  m_ObjectHideFlags: 0
  m_CorrespondingSourceObject: {fileID: 0}
  m_PrefabInstance: {fileID: 0}
  m_PrefabAsset: {fileID: 0}
  serializedVersion: 6
  m_Component:
  - component: {fileID: 930081422195348321}
  m_Layer: 0
  m_Name: B_L_Finger22
  m_TagString: Untagged
  m_Icon: {fileID: 0}
  m_NavMeshLayer: 0
  m_StaticEditorFlags: 0
  m_IsActive: 1
--- !u!4 &930081422195348321
Transform:
  m_ObjectHideFlags: 0
  m_CorrespondingSourceObject: {fileID: 0}
  m_PrefabInstance: {fileID: 0}
  m_PrefabAsset: {fileID: 0}
  m_GameObject: {fileID: 930081422195248897}
  m_LocalRotation: {x: 0.000000014901155, y: 0.0000000074505544, z: 0.000000022351744, w: 1}
  m_LocalPosition: {x: -0.063453294, y: 0.00000015258789, z: 0}
  m_LocalScale: {x: 0.99999976, y: 1, z: 1.0000001}
  m_Children: []
  m_Father: {fileID: 930081422195348323}
  m_RootOrder: 0
  m_LocalEulerAnglesHint: {x: 0, y: 0, z: 0}
--- !u!1 &930081422195248899
GameObject:
  m_ObjectHideFlags: 0
  m_CorrespondingSourceObject: {fileID: 0}
  m_PrefabInstance: {fileID: 0}
  m_PrefabAsset: {fileID: 0}
  serializedVersion: 6
  m_Component:
  - component: {fileID: 930081422195348323}
  m_Layer: 0
  m_Name: B_L_Finger21
  m_TagString: Untagged
  m_Icon: {fileID: 0}
  m_NavMeshLayer: 0
  m_StaticEditorFlags: 0
  m_IsActive: 1
--- !u!4 &930081422195348323
Transform:
  m_ObjectHideFlags: 0
  m_CorrespondingSourceObject: {fileID: 0}
  m_PrefabInstance: {fileID: 0}
  m_PrefabAsset: {fileID: 0}
  m_GameObject: {fileID: 930081422195248899}
  m_LocalRotation: {x: 0.000000022352085, y: -0.0000002831218, z: -0.0000063739717, w: 1}
  m_LocalPosition: {x: -0.06345321, y: 0.0000000166893, z: 0}
  m_LocalScale: {x: 1.0000006, y: 1.0000001, z: 0.9999997}
  m_Children:
  - {fileID: 930081422195348321}
  m_Father: {fileID: 930081422195348317}
  m_RootOrder: 0
  m_LocalEulerAnglesHint: {x: 0, y: 0, z: 0}
--- !u!1 &930081422195248901
GameObject:
  m_ObjectHideFlags: 0
  m_CorrespondingSourceObject: {fileID: 0}
  m_PrefabInstance: {fileID: 0}
  m_PrefabAsset: {fileID: 0}
  serializedVersion: 6
  m_Component:
  - component: {fileID: 930081422195348325}
  m_Layer: 0
  m_Name: B_L_Finger31
  m_TagString: Untagged
  m_Icon: {fileID: 0}
  m_NavMeshLayer: 0
  m_StaticEditorFlags: 0
  m_IsActive: 1
--- !u!4 &930081422195348325
Transform:
  m_ObjectHideFlags: 0
  m_CorrespondingSourceObject: {fileID: 0}
  m_PrefabInstance: {fileID: 0}
  m_PrefabAsset: {fileID: 0}
  m_GameObject: {fileID: 930081422195248901}
  m_LocalRotation: {x: -0.00000013411012, y: -0.00000028125106, z: -0.000006250572, w: 1}
  m_LocalPosition: {x: -0.054388806, y: 0.00000015854835, z: 0}
  m_LocalScale: {x: 1.0000001, y: 0.9999998, z: 1.0000002}
  m_Children:
  - {fileID: 930081422195348331}
  m_Father: {fileID: 930081422195348327}
  m_RootOrder: 0
  m_LocalEulerAnglesHint: {x: 0, y: 0, z: 0}
--- !u!1 &930081422195248903
GameObject:
  m_ObjectHideFlags: 0
  m_CorrespondingSourceObject: {fileID: 0}
  m_PrefabInstance: {fileID: 0}
  m_PrefabAsset: {fileID: 0}
  serializedVersion: 6
  m_Component:
  - component: {fileID: 930081422195348327}
  m_Layer: 0
  m_Name: B_L_Finger3
  m_TagString: Untagged
  m_Icon: {fileID: 0}
  m_NavMeshLayer: 0
  m_StaticEditorFlags: 0
  m_IsActive: 1
--- !u!4 &930081422195348327
Transform:
  m_ObjectHideFlags: 0
  m_CorrespondingSourceObject: {fileID: 0}
  m_PrefabInstance: {fileID: 0}
  m_PrefabAsset: {fileID: 0}
  m_GameObject: {fileID: 930081422195248903}
  m_LocalRotation: {x: 0.7071063, y: 0.00000016641137, z: 0.00000015719131, w: 0.70710725}
  m_LocalPosition: {x: -0.17315131, y: -0.026293334, z: 0.03144604}
  m_LocalScale: {x: 1, y: 0.9999998, z: 1.0000005}
  m_Children:
  - {fileID: 930081422195348325}
  m_Father: {fileID: 930081422195348207}
  m_RootOrder: 3
  m_LocalEulerAnglesHint: {x: 0, y: 0, z: 0}
--- !u!1 &930081422195248905
GameObject:
  m_ObjectHideFlags: 0
  m_CorrespondingSourceObject: {fileID: 0}
  m_PrefabInstance: {fileID: 0}
  m_PrefabAsset: {fileID: 0}
  serializedVersion: 6
  m_Component:
  - component: {fileID: 930081422195348329}
  m_Layer: 0
  m_Name: B_L_Finger4
  m_TagString: Untagged
  m_Icon: {fileID: 0}
  m_NavMeshLayer: 0
  m_StaticEditorFlags: 0
  m_IsActive: 1
--- !u!4 &930081422195348329
Transform:
  m_ObjectHideFlags: 0
  m_CorrespondingSourceObject: {fileID: 0}
  m_PrefabInstance: {fileID: 0}
  m_PrefabAsset: {fileID: 0}
  m_GameObject: {fileID: 930081422195248905}
  m_LocalRotation: {x: 0.7071057, y: 0.00000013076776, z: 0.00000020271294, w: 0.70710784}
  m_LocalPosition: {x: -0.17315139, y: -0.026262663, z: 0.0698929}
  m_LocalScale: {x: 1.0000001, y: 0.9999999, z: 1.0000006}
  m_Children:
  - {fileID: 930081422195348335}
  m_Father: {fileID: 930081422195348207}
  m_RootOrder: 4
  m_LocalEulerAnglesHint: {x: 0, y: 0, z: 0}
--- !u!1 &930081422195248907
GameObject:
  m_ObjectHideFlags: 0
  m_CorrespondingSourceObject: {fileID: 0}
  m_PrefabInstance: {fileID: 0}
  m_PrefabAsset: {fileID: 0}
  serializedVersion: 6
  m_Component:
  - component: {fileID: 930081422195348331}
  m_Layer: 0
  m_Name: B_L_Finger32
  m_TagString: Untagged
  m_Icon: {fileID: 0}
  m_NavMeshLayer: 0
  m_StaticEditorFlags: 0
  m_IsActive: 1
--- !u!4 &930081422195348331
Transform:
  m_ObjectHideFlags: 0
  m_CorrespondingSourceObject: {fileID: 0}
  m_PrefabInstance: {fileID: 0}
  m_PrefabAsset: {fileID: 0}
  m_GameObject: {fileID: 930081422195248907}
  m_LocalRotation: {x: -0.00000026635837, y: 0.00000006332987, z: 0.000000031083015, w: 1}
  m_LocalPosition: {x: -0.054388504, y: 0.00000019311905, z: 0}
  m_LocalScale: {x: 1, y: 0.9999998, z: 1.0000001}
  m_Children: []
  m_Father: {fileID: 930081422195348325}
  m_RootOrder: 0
  m_LocalEulerAnglesHint: {x: 0, y: 0, z: 0}
--- !u!1 &930081422195248909
GameObject:
  m_ObjectHideFlags: 0
  m_CorrespondingSourceObject: {fileID: 0}
  m_PrefabInstance: {fileID: 0}
  m_PrefabAsset: {fileID: 0}
  serializedVersion: 6
  m_Component:
  - component: {fileID: 930081422195348333}
  m_Layer: 0
  m_Name: B_L_Finger42
  m_TagString: Untagged
  m_Icon: {fileID: 0}
  m_NavMeshLayer: 0
  m_StaticEditorFlags: 0
  m_IsActive: 1
--- !u!4 &930081422195348333
Transform:
  m_ObjectHideFlags: 0
  m_CorrespondingSourceObject: {fileID: 0}
  m_PrefabInstance: {fileID: 0}
  m_PrefabAsset: {fileID: 0}
  m_GameObject: {fileID: 930081422195248909}
  m_LocalRotation: {x: 0.7071067, y: 0.00000020151305, z: 0.00000047283558, w: 0.7071068}
  m_LocalPosition: {x: -0.04532379, y: -0.00000030517577, z: -0.00000017642975}
  m_LocalScale: {x: 1, y: 1, z: 0.99999964}
  m_Children: []
  m_Father: {fileID: 930081422195348335}
  m_RootOrder: 0
  m_LocalEulerAnglesHint: {x: 0, y: 0, z: 0}
--- !u!1 &930081422195248911
GameObject:
  m_ObjectHideFlags: 0
  m_CorrespondingSourceObject: {fileID: 0}
  m_PrefabInstance: {fileID: 0}
  m_PrefabAsset: {fileID: 0}
  serializedVersion: 6
  m_Component:
  - component: {fileID: 930081422195348335}
  m_Layer: 0
  m_Name: B_L_Finger41
  m_TagString: Untagged
  m_Icon: {fileID: 0}
  m_NavMeshLayer: 0
  m_StaticEditorFlags: 0
  m_IsActive: 1
--- !u!4 &930081422195348335
Transform:
  m_ObjectHideFlags: 0
  m_CorrespondingSourceObject: {fileID: 0}
  m_PrefabInstance: {fileID: 0}
  m_PrefabAsset: {fileID: 0}
  m_GameObject: {fileID: 930081422195248911}
  m_LocalRotation: {x: 0.7071067, y: 0.00000027914083, z: 0.00000015994557, w: 0.7071069}
  m_LocalPosition: {x: -0.04532394, y: -0.000000057220458, z: 0.00000015258789}
  m_LocalScale: {x: 0.9999999, y: 0.99999976, z: 1}
  m_Children:
  - {fileID: 930081422195348333}
  m_Father: {fileID: 930081422195348329}
  m_RootOrder: 0
  m_LocalEulerAnglesHint: {x: 0, y: 0, z: 0}
--- !u!1 &930081422195248915
GameObject:
  m_ObjectHideFlags: 0
  m_CorrespondingSourceObject: {fileID: 0}
  m_PrefabInstance: {fileID: 0}
  m_PrefabAsset: {fileID: 0}
  serializedVersion: 6
  m_Component:
  - component: {fileID: 930081422195348339}
  m_Layer: 0
  m_Name: B_L_Toe0
  m_TagString: Untagged
  m_Icon: {fileID: 0}
  m_NavMeshLayer: 0
  m_StaticEditorFlags: 0
  m_IsActive: 1
--- !u!4 &930081422195348339
Transform:
  m_ObjectHideFlags: 0
  m_CorrespondingSourceObject: {fileID: 0}
  m_PrefabInstance: {fileID: 0}
  m_PrefabAsset: {fileID: 0}
  m_GameObject: {fileID: 930081422195248915}
  m_LocalRotation: {x: -0.000000020278954, y: 0.000000019709855, z: -0.7132062, w: 0.7009543}
  m_LocalPosition: {x: -0.14912972, y: 0.2427668, z: -0.0026480674}
  m_LocalScale: {x: 1, y: 1.0000001, z: 1}
  m_Children: []
  m_Father: {fileID: 930081422195348193}
  m_RootOrder: 0
  m_LocalEulerAnglesHint: {x: 0, y: 0, z: 0}
--- !u!1 &930081422195248917
GameObject:
  m_ObjectHideFlags: 0
  m_CorrespondingSourceObject: {fileID: 0}
  m_PrefabInstance: {fileID: 0}
  m_PrefabAsset: {fileID: 0}
  serializedVersion: 6
  m_Component:
  - component: {fileID: 930081422195348341}
  m_Layer: 0
  m_Name: B_R_Finger12
  m_TagString: Untagged
  m_Icon: {fileID: 0}
  m_NavMeshLayer: 0
  m_StaticEditorFlags: 0
  m_IsActive: 1
--- !u!4 &930081422195348341
Transform:
  m_ObjectHideFlags: 0
  m_CorrespondingSourceObject: {fileID: 0}
  m_PrefabInstance: {fileID: 0}
  m_PrefabAsset: {fileID: 0}
  m_GameObject: {fileID: 930081422195248917}
  m_LocalRotation: {x: -0.000000020489132, y: -0.00000011920919, z: -0.00000002095497, w: 1}
  m_LocalPosition: {x: -0.054388426, y: 0.0000000047683715, z: 0}
  m_LocalScale: {x: 1.0000001, y: 1.0000001, z: 0.99999976}
  m_Children: []
  m_Father: {fileID: 930081422195348165}
  m_RootOrder: 0
  m_LocalEulerAnglesHint: {x: 0, y: 0, z: 0}
--- !u!1 &930081422195248919
GameObject:
  m_ObjectHideFlags: 0
  m_CorrespondingSourceObject: {fileID: 0}
  m_PrefabInstance: {fileID: 0}
  m_PrefabAsset: {fileID: 0}
  serializedVersion: 6
  m_Component:
  - component: {fileID: 930081422195348343}
  m_Layer: 0
  m_Name: B_R_Finger02
  m_TagString: Untagged
  m_Icon: {fileID: 0}
  m_NavMeshLayer: 0
  m_StaticEditorFlags: 0
  m_IsActive: 1
--- !u!4 &930081422195348343
Transform:
  m_ObjectHideFlags: 0
  m_CorrespondingSourceObject: {fileID: 0}
  m_PrefabInstance: {fileID: 0}
  m_PrefabAsset: {fileID: 0}
  m_GameObject: {fileID: 930081422195248919}
  m_LocalRotation: {x: -0.0000007562336, y: -0.00000033394542, z: -0.000000040237282, w: 1}
  m_LocalPosition: {x: -0.048670806, y: 0.00000008106232, z: 0.00000015258789}
  m_LocalScale: {x: 1.0000002, y: 1.0000005, z: 1.0000002}
  m_Children: []
  m_Father: {fileID: 930081422195348191}
  m_RootOrder: 0
  m_LocalEulerAnglesHint: {x: 0, y: 0, z: 0}
--- !u!1 &930081422195248921
GameObject:
  m_ObjectHideFlags: 0
  m_CorrespondingSourceObject: {fileID: 0}
  m_PrefabInstance: {fileID: 0}
  m_PrefabAsset: {fileID: 0}
  serializedVersion: 6
  m_Component:
  - component: {fileID: 930081422195348345}
  m_Layer: 0
  m_Name: B_R_Finger21
  m_TagString: Untagged
  m_Icon: {fileID: 0}
  m_NavMeshLayer: 0
  m_StaticEditorFlags: 0
  m_IsActive: 1
--- !u!4 &930081422195348345
Transform:
  m_ObjectHideFlags: 0
  m_CorrespondingSourceObject: {fileID: 0}
  m_PrefabInstance: {fileID: 0}
  m_PrefabAsset: {fileID: 0}
  m_GameObject: {fileID: 930081422195248921}
  m_LocalRotation: {x: -0.000000010718895, y: 0.000000089406626, z: -0.0000062888153, w: 1}
  m_LocalPosition: {x: -0.06345321, y: -0.00000015497207, z: -0.00000030517577}
  m_LocalScale: {x: 1.0000001, y: 1.0000004, z: 1.0000001}
  m_Children:
  - {fileID: 930081422195348351}
  m_Father: {fileID: 930081422195348347}
  m_RootOrder: 0
  m_LocalEulerAnglesHint: {x: 0, y: 0, z: 0}
--- !u!1 &930081422195248923
GameObject:
  m_ObjectHideFlags: 0
  m_CorrespondingSourceObject: {fileID: 0}
  m_PrefabInstance: {fileID: 0}
  m_PrefabAsset: {fileID: 0}
  serializedVersion: 6
  m_Component:
  - component: {fileID: 930081422195348347}
  m_Layer: 0
  m_Name: B_R_Finger2
  m_TagString: Untagged
  m_Icon: {fileID: 0}
  m_NavMeshLayer: 0
  m_StaticEditorFlags: 0
  m_IsActive: 1
--- !u!4 &930081422195348347
Transform:
  m_ObjectHideFlags: 0
  m_CorrespondingSourceObject: {fileID: 0}
  m_PrefabInstance: {fileID: 0}
  m_PrefabAsset: {fileID: 0}
  m_GameObject: {fileID: 930081422195248923}
  m_LocalRotation: {x: -0.7071067, y: -0.000000042945025, z: 0.000000023436947, w: 0.7071068}
  m_LocalPosition: {x: -0.17315163, y: -0.026325531, z: 0.00899338}
  m_LocalScale: {x: 0.9999999, y: 0.9999998, z: 1.0000001}
  m_Children:
  - {fileID: 930081422195348345}
  m_Father: {fileID: 930081422195348195}
  m_RootOrder: 2
  m_LocalEulerAnglesHint: {x: 0, y: 0, z: 0}
--- !u!1 &930081422195248925
GameObject:
  m_ObjectHideFlags: 0
  m_CorrespondingSourceObject: {fileID: 0}
  m_PrefabInstance: {fileID: 0}
  m_PrefabAsset: {fileID: 0}
  serializedVersion: 6
  m_Component:
  - component: {fileID: 930081422195348349}
  m_Layer: 0
  m_Name: B_R_Finger3
  m_TagString: Untagged
  m_Icon: {fileID: 0}
  m_NavMeshLayer: 0
  m_StaticEditorFlags: 0
  m_IsActive: 1
--- !u!4 &930081422195348349
Transform:
  m_ObjectHideFlags: 0
  m_CorrespondingSourceObject: {fileID: 0}
  m_PrefabInstance: {fileID: 0}
  m_PrefabAsset: {fileID: 0}
  m_GameObject: {fileID: 930081422195248925}
  m_LocalRotation: {x: -0.7071068, y: -0.000000019794314, z: -0.0000000060959913, w: 0.7071068}
  m_LocalPosition: {x: -0.1731517, y: -0.026293486, z: -0.03144611}
  m_LocalScale: {x: 0.99999994, y: 1, z: 1.0000002}
  m_Children:
  - {fileID: 930081422195348227}
  m_Father: {fileID: 930081422195348195}
  m_RootOrder: 3
  m_LocalEulerAnglesHint: {x: 0, y: 0, z: 0}
--- !u!1 &930081422195248927
GameObject:
  m_ObjectHideFlags: 0
  m_CorrespondingSourceObject: {fileID: 0}
  m_PrefabInstance: {fileID: 0}
  m_PrefabAsset: {fileID: 0}
  serializedVersion: 6
  m_Component:
  - component: {fileID: 930081422195348351}
  m_Layer: 0
  m_Name: B_R_Finger22
  m_TagString: Untagged
  m_Icon: {fileID: 0}
  m_NavMeshLayer: 0
  m_StaticEditorFlags: 0
  m_IsActive: 1
--- !u!4 &930081422195348351
Transform:
  m_ObjectHideFlags: 0
  m_CorrespondingSourceObject: {fileID: 0}
  m_PrefabInstance: {fileID: 0}
  m_PrefabAsset: {fileID: 0}
  m_GameObject: {fileID: 930081422195248927}
  m_LocalRotation: {x: -0.000000026542725, y: 2.8273208e-16, z: -0.000000010651962, w: 1}
  m_LocalPosition: {x: -0.06345321, y: -0.0000000023841857, z: 0.00000015258789}
  m_LocalScale: {x: 1, y: 0.9999996, z: 0.9999998}
  m_Children: []
  m_Father: {fileID: 930081422195348345}
  m_RootOrder: 0
  m_LocalEulerAnglesHint: {x: 0, y: 0, z: 0}
--- !u!1 &930081422195248929
GameObject:
  m_ObjectHideFlags: 0
  m_CorrespondingSourceObject: {fileID: 0}
  m_PrefabInstance: {fileID: 0}
  m_PrefabAsset: {fileID: 0}
  serializedVersion: 6
  m_Component:
  - component: {fileID: 930081422195348225}
  m_Layer: 0
  m_Name: B_R_Finger32
  m_TagString: Untagged
  m_Icon: {fileID: 0}
  m_NavMeshLayer: 0
  m_StaticEditorFlags: 0
  m_IsActive: 1
--- !u!4 &930081422195348225
Transform:
  m_ObjectHideFlags: 0
  m_CorrespondingSourceObject: {fileID: 0}
  m_PrefabInstance: {fileID: 0}
  m_PrefabAsset: {fileID: 0}
  m_GameObject: {fileID: 930081422195248929}
  m_LocalRotation: {x: 0.00000028591583, y: -0.000000014901342, z: -0.000000026309474, w: 1}
  m_LocalPosition: {x: -0.05438858, y: -0.0000001513958, z: -0.00000015258789}
  m_LocalScale: {x: 0.9999998, y: 1, z: 1.0000004}
  m_Children: []
  m_Father: {fileID: 930081422195348227}
  m_RootOrder: 0
  m_LocalEulerAnglesHint: {x: 0, y: 0, z: 0}
--- !u!1 &930081422195248931
GameObject:
  m_ObjectHideFlags: 0
  m_CorrespondingSourceObject: {fileID: 0}
  m_PrefabInstance: {fileID: 0}
  m_PrefabAsset: {fileID: 0}
  serializedVersion: 6
  m_Component:
  - component: {fileID: 930081422195348227}
  m_Layer: 0
  m_Name: B_R_Finger31
  m_TagString: Untagged
  m_Icon: {fileID: 0}
  m_NavMeshLayer: 0
  m_StaticEditorFlags: 0
  m_IsActive: 1
--- !u!4 &930081422195348227
Transform:
  m_ObjectHideFlags: 0
  m_CorrespondingSourceObject: {fileID: 0}
  m_PrefabInstance: {fileID: 0}
  m_PrefabAsset: {fileID: 0}
  m_GameObject: {fileID: 930081422195248931}
  m_LocalRotation: {x: -0.0000000061636323, y: 0.000000111758375, z: -0.000006249783, w: 1}
  m_LocalPosition: {x: -0.05438835, y: -0.000000095367426, z: 0}
  m_LocalScale: {x: 1.0000002, y: 1.0000001, z: 1.0000004}
  m_Children:
  - {fileID: 930081422195348225}
  m_Father: {fileID: 930081422195348349}
  m_RootOrder: 0
  m_LocalEulerAnglesHint: {x: 0, y: 0, z: 0}
--- !u!1 &930081422195248933
GameObject:
  m_ObjectHideFlags: 0
  m_CorrespondingSourceObject: {fileID: 0}
  m_PrefabInstance: {fileID: 0}
  m_PrefabAsset: {fileID: 0}
  serializedVersion: 6
  m_Component:
  - component: {fileID: 930081422195348229}
  m_Layer: 0
  m_Name: B_R_Finger41
  m_TagString: Untagged
  m_Icon: {fileID: 0}
  m_NavMeshLayer: 0
  m_StaticEditorFlags: 0
  m_IsActive: 1
--- !u!4 &930081422195348229
Transform:
  m_ObjectHideFlags: 0
  m_CorrespondingSourceObject: {fileID: 0}
  m_PrefabInstance: {fileID: 0}
  m_PrefabAsset: {fileID: 0}
  m_GameObject: {fileID: 930081422195248933}
  m_LocalRotation: {x: -0.7071067, y: -0.0000000750721, z: 0.00000007112149, w: 0.7071068}
  m_LocalPosition: {x: -0.04532333, y: 0.00000046253203, z: 0.00000045776366}
  m_LocalScale: {x: 1.0000005, y: 0.9999999, z: 1.0000005}
  m_Children:
  - {fileID: 930081422195348235}
  m_Father: {fileID: 930081422195348231}
  m_RootOrder: 0
  m_LocalEulerAnglesHint: {x: 0, y: 0, z: 0}
--- !u!1 &930081422195248935
GameObject:
  m_ObjectHideFlags: 0
  m_CorrespondingSourceObject: {fileID: 0}
  m_PrefabInstance: {fileID: 0}
  m_PrefabAsset: {fileID: 0}
  serializedVersion: 6
  m_Component:
  - component: {fileID: 930081422195348231}
  m_Layer: 0
  m_Name: B_R_Finger4
  m_TagString: Untagged
  m_Icon: {fileID: 0}
  m_NavMeshLayer: 0
  m_StaticEditorFlags: 0
  m_IsActive: 1
--- !u!4 &930081422195348231
Transform:
  m_ObjectHideFlags: 0
  m_CorrespondingSourceObject: {fileID: 0}
  m_PrefabInstance: {fileID: 0}
  m_PrefabAsset: {fileID: 0}
  m_GameObject: {fileID: 930081422195248935}
  m_LocalRotation: {x: -0.7071066, y: 0.000000015663698, z: 0.000000103118715, w: 0.70710695}
  m_LocalPosition: {x: -0.1731517, y: -0.026262969, z: -0.06989247}
  m_LocalScale: {x: 1.0000002, y: 1.0000006, z: 1.0000012}
  m_Children:
  - {fileID: 930081422195348229}
  m_Father: {fileID: 930081422195348195}
  m_RootOrder: 4
  m_LocalEulerAnglesHint: {x: 0, y: 0, z: 0}
--- !u!1 &930081422195248937
GameObject:
  m_ObjectHideFlags: 0
  m_CorrespondingSourceObject: {fileID: 0}
  m_PrefabInstance: {fileID: 0}
  m_PrefabAsset: {fileID: 0}
  serializedVersion: 6
  m_Component:
  - component: {fileID: 930081422195348233}
  m_Layer: 0
  m_Name: B_R_Toe0
  m_TagString: Untagged
  m_Icon: {fileID: 0}
  m_NavMeshLayer: 0
  m_StaticEditorFlags: 0
  m_IsActive: 1
--- !u!4 &930081422195348233
Transform:
  m_ObjectHideFlags: 0
  m_CorrespondingSourceObject: {fileID: 0}
  m_PrefabInstance: {fileID: 0}
  m_PrefabAsset: {fileID: 0}
  m_GameObject: {fileID: 930081422195248937}
  m_LocalRotation: {x: 0.00000001651056, y: -0.000000059070373, z: -0.7132062, w: 0.7009543}
  m_LocalPosition: {x: -0.14912967, y: 0.24276678, z: 0.0026480292}
  m_LocalScale: {x: 1, y: 1.0000001, z: 1}
  m_Children: []
  m_Father: {fileID: 930081422195348169}
  m_RootOrder: 0
  m_LocalEulerAnglesHint: {x: 0, y: 0, z: 0}
--- !u!1 &930081422195248939
GameObject:
  m_ObjectHideFlags: 0
  m_CorrespondingSourceObject: {fileID: 0}
  m_PrefabInstance: {fileID: 0}
  m_PrefabAsset: {fileID: 0}
  serializedVersion: 6
  m_Component:
  - component: {fileID: 930081422195348235}
  m_Layer: 0
  m_Name: B_R_Finger42
  m_TagString: Untagged
  m_Icon: {fileID: 0}
  m_NavMeshLayer: 0
  m_StaticEditorFlags: 0
  m_IsActive: 1
--- !u!4 &930081422195348235
Transform:
  m_ObjectHideFlags: 0
  m_CorrespondingSourceObject: {fileID: 0}
  m_PrefabInstance: {fileID: 0}
  m_PrefabAsset: {fileID: 0}
  m_GameObject: {fileID: 930081422195248939}
  m_LocalRotation: {x: -0.7071068, y: -0.000000011854597, z: 0.000000118536924, w: 0.7071067}
  m_LocalPosition: {x: -0.045324173, y: 0, z: 0.00000016212464}
  m_LocalScale: {x: 0.9999999, y: 0.99999964, z: 1.0000001}
  m_Children: []
  m_Father: {fileID: 930081422195348229}
  m_RootOrder: 0
  m_LocalEulerAnglesHint: {x: 0, y: 0, z: 0}
--- !u!1 &930081422195248941
GameObject:
  m_ObjectHideFlags: 0
  m_CorrespondingSourceObject: {fileID: 0}
  m_PrefabInstance: {fileID: 0}
  m_PrefabAsset: {fileID: 0}
  serializedVersion: 6
  m_Component:
  - component: {fileID: 930081422195348237}
  m_Layer: 0
  m_Name: Motion
  m_TagString: Untagged
  m_Icon: {fileID: 0}
  m_NavMeshLayer: 0
  m_StaticEditorFlags: 0
  m_IsActive: 1
--- !u!4 &930081422195348237
Transform:
  m_ObjectHideFlags: 0
  m_CorrespondingSourceObject: {fileID: 0}
  m_PrefabInstance: {fileID: 0}
  m_PrefabAsset: {fileID: 0}
  m_GameObject: {fileID: 930081422195248941}
  m_LocalRotation: {x: -0.50000036, y: 0.49999967, z: 0.49999967, w: 0.50000036}
  m_LocalPosition: {x: -0.0000000099258495, y: 0, z: -0.0017328988}
  m_LocalScale: {x: 1, y: 1, z: 1}
  m_Children:
  - {fileID: 930081422195348185}
  m_Father: {fileID: 930081422195348209}
  m_RootOrder: 0
  m_LocalEulerAnglesHint: {x: 0, y: 0, z: 0}
--- !u!1 &930081422195248943
GameObject:
  m_ObjectHideFlags: 0
  m_CorrespondingSourceObject: {fileID: 0}
  m_PrefabInstance: {fileID: 0}
  m_PrefabAsset: {fileID: 0}
  serializedVersion: 6
  m_Component:
  - component: {fileID: 930081422195348239}
  m_Layer: 0
  m_Name: B_Spine2
  m_TagString: Untagged
  m_Icon: {fileID: 0}
  m_NavMeshLayer: 0
  m_StaticEditorFlags: 0
  m_IsActive: 1
--- !u!4 &930081422195348239
Transform:
  m_ObjectHideFlags: 0
  m_CorrespondingSourceObject: {fileID: 0}
  m_PrefabInstance: {fileID: 0}
  m_PrefabAsset: {fileID: 0}
  m_GameObject: {fileID: 930081422195248943}
  m_LocalRotation: {x: -0.0000015642768, y: -0.0000002992699, z: 0.00000026822534, w: 1}
  m_LocalPosition: {x: -0.25268355, y: -0.00016082286, z: -1.9572326e-11}
  m_LocalScale: {x: 1.0000002, y: 1.0000002, z: 1}
  m_Children:
  - {fileID: 930081422195348099}
  - {fileID: 930081422195348103}
  - {fileID: 930081422195348101}
  m_Father: {fileID: 930081422195348181}
  m_RootOrder: 0
  m_LocalEulerAnglesHint: {x: 0, y: 0, z: 0}
--- !u!1 &930081422195248945
GameObject:
  m_ObjectHideFlags: 0
  m_CorrespondingSourceObject: {fileID: 0}
  m_PrefabInstance: {fileID: 0}
  m_PrefabAsset: {fileID: 0}
  serializedVersion: 6
  m_Component:
  - component: {fileID: 930081422195348241}
  - component: {fileID: 930081422208910311}
  m_Layer: 0
  m_Name: RPG-Character-Mesh
  m_TagString: Untagged
  m_Icon: {fileID: 0}
  m_NavMeshLayer: 0
  m_StaticEditorFlags: 0
  m_IsActive: 1
--- !u!4 &930081422195348241
Transform:
  m_ObjectHideFlags: 0
  m_CorrespondingSourceObject: {fileID: 0}
  m_PrefabInstance: {fileID: 0}
  m_PrefabAsset: {fileID: 0}
  m_GameObject: {fileID: 930081422195248945}
  m_LocalRotation: {x: -0.7071068, y: 0, z: -0, w: 0.7071068}
  m_LocalPosition: {x: -0.0002596736, y: 0, z: 0}
  m_LocalScale: {x: 1, y: 1, z: 1}
  m_Children: []
  m_Father: {fileID: 930081422195348209}
  m_RootOrder: 1
  m_LocalEulerAnglesHint: {x: 0, y: 0, z: 0}
--- !u!137 &930081422208910311
SkinnedMeshRenderer:
  m_ObjectHideFlags: 0
  m_CorrespondingSourceObject: {fileID: 0}
  m_PrefabInstance: {fileID: 0}
  m_PrefabAsset: {fileID: 0}
  m_GameObject: {fileID: 930081422195248945}
  m_Enabled: 1
  m_CastShadows: 1
  m_ReceiveShadows: 1
  m_DynamicOccludee: 1
  m_MotionVectors: 1
  m_LightProbeUsage: 1
  m_ReflectionProbeUsage: 1
  m_RayTracingMode: 3
  m_RayTraceProcedural: 0
  m_RenderingLayerMask: 1
  m_RendererPriority: 0
  m_Materials:
  - {fileID: 2100000, guid: 73c176f402d2c2f4d929aa5da7585d17, type: 2}
  m_StaticBatchInfo:
    firstSubMesh: 0
    subMeshCount: 0
  m_StaticBatchRoot: {fileID: 0}
  m_ProbeAnchor: {fileID: 0}
  m_LightProbeVolumeOverride: {fileID: 0}
  m_ScaleInLightmap: 1
  m_ReceiveGI: 1
  m_PreserveUVs: 0
  m_IgnoreNormalsForChartDetection: 0
  m_ImportantGI: 0
  m_StitchLightmapSeams: 1
  m_SelectedEditorRenderState: 3
  m_MinimumChartSize: 4
  m_AutoUVMaxDistance: 0.5
  m_AutoUVMaxAngle: 89
  m_LightmapParameters: {fileID: 0}
  m_SortingLayerID: 0
  m_SortingLayer: 0
  m_SortingOrder: 0
  serializedVersion: 2
  m_Quality: 0
  m_UpdateWhenOffscreen: 0
  m_SkinnedMotionVectors: 1
  m_Mesh: {fileID: 4300014, guid: e57e9b8cd5e115f4f8d7736473e5c7fd, type: 3}
  m_Bones:
  - {fileID: 930081422195348181}
  - {fileID: 930081422195348239}
  - {fileID: 930081422195348177}
  - {fileID: 930081422195348211}
  - {fileID: 930081422195348103}
  - {fileID: 930081422195348167}
  - {fileID: 930081422195348199}
  - {fileID: 930081422195348197}
  - {fileID: 930081422195348185}
  - {fileID: 930081422195348187}
  - {fileID: 930081422195348237}
  - {fileID: 930081422195348193}
  - {fileID: 930081422195348339}
  - {fileID: 930081422195348205}
  - {fileID: 930081422195348099}
  - {fileID: 930081422195348207}
  - {fileID: 930081422195348175}
  - {fileID: 930081422195348173}
  - {fileID: 930081422195348169}
  - {fileID: 930081422195348233}
  - {fileID: 930081422195348179}
  - {fileID: 930081422195348101}
  - {fileID: 930081422195348195}
  - {fileID: 930081422195348215}
  - {fileID: 930081422195348219}
  - {fileID: 930081422195348317}
  - {fileID: 930081422195348183}
  - {fileID: 930081422195348313}
  - {fileID: 930081422195348327}
  - {fileID: 930081422195348325}
  - {fileID: 930081422195348329}
  - {fileID: 930081422195348335}
  - {fileID: 930081422195348333}
  - {fileID: 930081422195348213}
  - {fileID: 930081422195348323}
  - {fileID: 930081422195348319}
  - {fileID: 930081422195348321}
  - {fileID: 930081422195348331}
  - {fileID: 930081422195348171}
  - {fileID: 930081422195348189}
  - {fileID: 930081422195348347}
  - {fileID: 930081422195348165}
  - {fileID: 930081422195348343}
  - {fileID: 930081422195348349}
  - {fileID: 930081422195348227}
  - {fileID: 930081422195348231}
  - {fileID: 930081422195348229}
  - {fileID: 930081422195348235}
  - {fileID: 930081422195348191}
  - {fileID: 930081422195348345}
  - {fileID: 930081422195348341}
  - {fileID: 930081422195348351}
  - {fileID: 930081422195348225}
  m_BlendShapeWeights: []
  m_RootBone: {fileID: 930081422195348237}
  m_AABB:
    m_Center: {x: -0.056757122, y: 0.0000053048134, z: 1.2835554}
    m_Extent: {x: 0.23875266, y: 1.3996761, z: 1.2893058}
  m_DirtyAABB: 0
--- !u!1 &930081422195249017
GameObject:
  m_ObjectHideFlags: 0
  m_CorrespondingSourceObject: {fileID: 0}
  m_PrefabInstance: {fileID: 0}
  m_PrefabAsset: {fileID: 0}
  serializedVersion: 6
  m_Component:
  - component: {fileID: 930081422195348313}
  m_Layer: 0
  m_Name: B_L_Finger02
  m_TagString: Untagged
  m_Icon: {fileID: 0}
  m_NavMeshLayer: 0
  m_StaticEditorFlags: 0
  m_IsActive: 1
--- !u!4 &930081422195348313
Transform:
  m_ObjectHideFlags: 0
  m_CorrespondingSourceObject: {fileID: 0}
  m_PrefabInstance: {fileID: 0}
  m_PrefabAsset: {fileID: 0}
  m_GameObject: {fileID: 930081422195249017}
  m_LocalRotation: {x: 0.00000073574455, y: 0.00000025759837, z: -0.000000085334285, w: 1}
  m_LocalPosition: {x: -0.04867088, y: 0.000000009536743, z: 0.00000015258789}
  m_LocalScale: {x: 1.0000001, y: 1.0000004, z: 1}
  m_Children: []
  m_Father: {fileID: 930081422195348213}
  m_RootOrder: 0
  m_LocalEulerAnglesHint: {x: 0, y: 0, z: 0}
--- !u!1 &930081422195249021
GameObject:
  m_ObjectHideFlags: 0
  m_CorrespondingSourceObject: {fileID: 0}
  m_PrefabInstance: {fileID: 0}
  m_PrefabAsset: {fileID: 0}
  serializedVersion: 6
  m_Component:
  - component: {fileID: 930081422195348317}
  m_Layer: 0
  m_Name: B_L_Finger2
  m_TagString: Untagged
  m_Icon: {fileID: 0}
  m_NavMeshLayer: 0
  m_StaticEditorFlags: 0
  m_IsActive: 1
--- !u!4 &930081422195348317
Transform:
  m_ObjectHideFlags: 0
  m_CorrespondingSourceObject: {fileID: 0}
  m_PrefabInstance: {fileID: 0}
  m_PrefabAsset: {fileID: 0}
  m_GameObject: {fileID: 930081422195249021}
  m_LocalRotation: {x: 0.7071067, y: 0.000000084093394, z: 0.00000023160673, w: 0.7071068}
  m_LocalPosition: {x: -0.17315139, y: -0.026325531, z: -0.008993611}
  m_LocalScale: {x: 1, y: 0.9999999, z: 1.0000005}
  m_Children:
  - {fileID: 930081422195348323}
  m_Father: {fileID: 930081422195348207}
  m_RootOrder: 2
  m_LocalEulerAnglesHint: {x: 0, y: 0, z: 0}
--- !u!1 &930081422195249023
GameObject:
  m_ObjectHideFlags: 0
  m_CorrespondingSourceObject: {fileID: 0}
  m_PrefabInstance: {fileID: 0}
  m_PrefabAsset: {fileID: 0}
  serializedVersion: 6
  m_Component:
  - component: {fileID: 930081422195348319}
  m_Layer: 0
  m_Name: B_L_Finger12
  m_TagString: Untagged
  m_Icon: {fileID: 0}
  m_NavMeshLayer: 0
  m_StaticEditorFlags: 0
  m_IsActive: 1
--- !u!4 &930081422195348319
Transform:
  m_ObjectHideFlags: 0
  m_CorrespondingSourceObject: {fileID: 0}
  m_PrefabInstance: {fileID: 0}
  m_PrefabAsset: {fileID: 0}
  m_GameObject: {fileID: 930081422195249023}
  m_LocalRotation: {x: 0.00000021606675, y: 0.000000014901156, z: -0.00000002607704, w: 1}
  m_LocalPosition: {x: -0.05438858, y: -0.00000015258789, z: -0.00000030517577}
  m_LocalScale: {x: 1, y: 1.0000002, z: 1}
  m_Children: []
  m_Father: {fileID: 930081422195348183}
  m_RootOrder: 0
  m_LocalEulerAnglesHint: {x: 0, y: 0, z: 0}
--- !u!1 &1172029539367984207
GameObject:
  m_ObjectHideFlags: 0
  m_CorrespondingSourceObject: {fileID: 0}
  m_PrefabInstance: {fileID: 0}
  m_PrefabAsset: {fileID: 0}
  serializedVersion: 6
  m_Component:
  - component: {fileID: 2554085412004799493}
  - component: {fileID: 2300327312922310278}
  m_Layer: 9
  m_Name: Collision
  m_TagString: Untagged
  m_Icon: {fileID: 0}
  m_NavMeshLayer: 0
  m_StaticEditorFlags: 0
  m_IsActive: 1
--- !u!4 &2554085412004799493
Transform:
  m_ObjectHideFlags: 0
  m_CorrespondingSourceObject: {fileID: 0}
  m_PrefabInstance: {fileID: 0}
  m_PrefabAsset: {fileID: 0}
  m_GameObject: {fileID: 1172029539367984207}
  m_LocalRotation: {x: -0, y: -0, z: -0, w: 1}
  m_LocalPosition: {x: -0.000005364418, y: 1.2835554, z: 0.05502422}
  m_LocalScale: {x: 1, y: 1, z: 1}
  m_Children: []
  m_Father: {fileID: 930081422195348209}
  m_RootOrder: 2
  m_LocalEulerAnglesHint: {x: 0, y: 0, z: 0}
--- !u!136 &2300327312922310278
CapsuleCollider:
  m_ObjectHideFlags: 0
  m_CorrespondingSourceObject: {fileID: 0}
  m_PrefabInstance: {fileID: 0}
  m_PrefabAsset: {fileID: 0}
  m_GameObject: {fileID: 1172029539367984207}
  m_Material: {fileID: 0}
  m_IsTrigger: 0
  m_Enabled: 1
  m_Radius: 0.57
  m_Height: 3.16
  m_Direction: 1
  m_Center: {x: 0, y: 0.26, z: 0}
