%YAML 1.1
%TAG !u! tag:unity3d.com,2011:
--- !u!1 &4649121335534230675
GameObject:
  m_ObjectHideFlags: 0
  m_CorrespondingSourceObject: {fileID: 0}
  m_PrefabInstance: {fileID: 0}
  m_PrefabAsset: {fileID: 0}
  serializedVersion: 6
  m_Component:
  - component: {fileID: 8338118626287789273}
  - component: {fileID: 5704787562462377562}
  m_Layer: 9
  m_Name: Collision
  m_TagString: Untagged
  m_Icon: {fileID: 0}
  m_NavMeshLayer: 0
  m_StaticEditorFlags: 0
  m_IsActive: 1
--- !u!4 &8338118626287789273
Transform:
  m_ObjectHideFlags: 0
  m_CorrespondingSourceObject: {fileID: 0}
  m_PrefabInstance: {fileID: 0}
  m_PrefabAsset: {fileID: 0}
  m_GameObject: {fileID: 4649121335534230675}
  m_LocalRotation: {x: -0, y: -0, z: -0, w: 1}
  m_LocalPosition: {x: -0.000005364418, y: 1.2835554, z: 0.05502422}
  m_LocalScale: {x: 1, y: 1, z: 1}
  m_Children: []
  m_Father: {fileID: 6642613397401293357}
  m_RootOrder: 2
  m_LocalEulerAnglesHint: {x: 0, y: 0, z: 0}
--- !u!136 &5704787562462377562
CapsuleCollider:
  m_ObjectHideFlags: 0
  m_CorrespondingSourceObject: {fileID: 0}
  m_PrefabInstance: {fileID: 0}
  m_PrefabAsset: {fileID: 0}
  m_GameObject: {fileID: 4649121335534230675}
  m_Material: {fileID: 0}
  m_IsTrigger: 0
  m_Enabled: 1
  m_Radius: 0.57
  m_Height: 3.16
  m_Direction: 1
  m_Center: {x: 0, y: 0.26, z: 0}
--- !u!1 &6642613397401456161
GameObject:
  m_ObjectHideFlags: 0
  m_CorrespondingSourceObject: {fileID: 0}
  m_PrefabInstance: {fileID: 0}
  m_PrefabAsset: {fileID: 0}
  serializedVersion: 6
  m_Component:
  - component: {fileID: 6642613397401293313}
  m_Layer: 0
  m_Name: B_R_Finger0
  m_TagString: Untagged
  m_Icon: {fileID: 0}
  m_NavMeshLayer: 0
  m_StaticEditorFlags: 0
  m_IsActive: 1
--- !u!4 &6642613397401293313
Transform:
  m_ObjectHideFlags: 0
  m_CorrespondingSourceObject: {fileID: 0}
  m_PrefabInstance: {fileID: 0}
  m_PrefabAsset: {fileID: 0}
  m_GameObject: {fileID: 6642613397401456161}
  m_LocalRotation: {x: -0.7209417, y: -0.0000040680743, z: 0.0000042807246, w: 0.6929958}
  m_LocalPosition: {x: -0.12316841, y: -0.0052085877, z: 0.09563885}
  m_LocalScale: {x: 1.0000005, y: 0.9999998, z: 0.9999994}
  m_Children:
  - {fileID: 6642613397401293315}
  m_Father: {fileID: 6642613397401293375}
  m_RootOrder: 0
  m_LocalEulerAnglesHint: {x: 0, y: 0, z: 0}
--- !u!1 &6642613397401456163
GameObject:
  m_ObjectHideFlags: 0
  m_CorrespondingSourceObject: {fileID: 0}
  m_PrefabInstance: {fileID: 0}
  m_PrefabAsset: {fileID: 0}
  serializedVersion: 6
  m_Component:
  - component: {fileID: 6642613397401293315}
  m_Layer: 0
  m_Name: B_R_Finger01
  m_TagString: Untagged
  m_Icon: {fileID: 0}
  m_NavMeshLayer: 0
  m_StaticEditorFlags: 0
  m_IsActive: 1
--- !u!4 &6642613397401293315
Transform:
  m_ObjectHideFlags: 0
  m_CorrespondingSourceObject: {fileID: 0}
  m_PrefabInstance: {fileID: 0}
  m_PrefabAsset: {fileID: 0}
  m_GameObject: {fileID: 6642613397401456163}
  m_LocalRotation: {x: -0.0000008698553, y: 0.00000019018992, z: -0.0000000013309656, w: 1}
  m_LocalPosition: {x: -0.048670806, y: -0.00000015735625, z: 0.00000015258789}
  m_LocalScale: {x: 0.9999998, y: 1, z: 1.0000002}
  m_Children:
  - {fileID: 6642613397401293739}
  m_Father: {fileID: 6642613397401293313}
  m_RootOrder: 0
  m_LocalEulerAnglesHint: {x: 0, y: 0, z: 0}
--- !u!1 &6642613397401456165
GameObject:
  m_ObjectHideFlags: 0
  m_CorrespondingSourceObject: {fileID: 0}
  m_PrefabInstance: {fileID: 0}
  m_PrefabAsset: {fileID: 0}
  serializedVersion: 6
  m_Component:
  - component: {fileID: 6642613397401293317}
  m_Layer: 0
  m_Name: B_Pelvis
  m_TagString: Untagged
  m_Icon: {fileID: 0}
  m_NavMeshLayer: 0
  m_StaticEditorFlags: 0
  m_IsActive: 1
--- !u!4 &6642613397401293317
Transform:
  m_ObjectHideFlags: 0
  m_CorrespondingSourceObject: {fileID: 0}
  m_PrefabInstance: {fileID: 0}
  m_PrefabAsset: {fileID: 0}
  m_GameObject: {fileID: 6642613397401456165}
  m_LocalRotation: {x: -0.4999996, y: 0.5000004, z: 0.4999996, w: 0.5000004}
  m_LocalPosition: {x: -0.00051556213, y: -0.00000031575516, z: 1.3299356}
  m_LocalScale: {x: 1, y: 1, z: 1}
  m_Children:
  - {fileID: 6642613397401293369}
  - {fileID: 6642613397401293329}
  - {fileID: 6642613397401293319}
  m_Father: {fileID: 6642613397401293777}
  m_RootOrder: 0
  m_LocalEulerAnglesHint: {x: 0, y: 0, z: 0}
--- !u!1 &6642613397401456167
GameObject:
  m_ObjectHideFlags: 0
  m_CorrespondingSourceObject: {fileID: 0}
  m_PrefabInstance: {fileID: 0}
  m_PrefabAsset: {fileID: 0}
  serializedVersion: 6
  m_Component:
  - component: {fileID: 6642613397401293319}
  m_Layer: 0
  m_Name: B_Spine
  m_TagString: Untagged
  m_Icon: {fileID: 0}
  m_NavMeshLayer: 0
  m_StaticEditorFlags: 0
  m_IsActive: 1
--- !u!4 &6642613397401293319
Transform:
  m_ObjectHideFlags: 0
  m_CorrespondingSourceObject: {fileID: 0}
  m_PrefabInstance: {fileID: 0}
  m_PrefabAsset: {fileID: 0}
  m_GameObject: {fileID: 6642613397401456167}
  m_LocalRotation: {x: 0.0000068908844, y: -0.00000038425244, z: -0.0000016213071, w: 1}
  m_LocalPosition: {x: -0.092604674, y: 0.033955924, z: -0.000000053523397}
  m_LocalScale: {x: 1, y: 1, z: 1}
  m_Children:
  - {fileID: 6642613397401293321}
  m_Father: {fileID: 6642613397401293317}
  m_RootOrder: 2
  m_LocalEulerAnglesHint: {x: 0, y: 0, z: 0}
--- !u!1 &6642613397401456169
GameObject:
  m_ObjectHideFlags: 0
  m_CorrespondingSourceObject: {fileID: 0}
  m_PrefabInstance: {fileID: 0}
  m_PrefabAsset: {fileID: 0}
  serializedVersion: 6
  m_Component:
  - component: {fileID: 6642613397401293321}
  m_Layer: 0
  m_Name: B_Spine1
  m_TagString: Untagged
  m_Icon: {fileID: 0}
  m_NavMeshLayer: 0
  m_StaticEditorFlags: 0
  m_IsActive: 1
--- !u!4 &6642613397401293321
Transform:
  m_ObjectHideFlags: 0
  m_CorrespondingSourceObject: {fileID: 0}
  m_PrefabInstance: {fileID: 0}
  m_PrefabAsset: {fileID: 0}
  m_GameObject: {fileID: 6642613397401456169}
  m_LocalRotation: {x: -0.00000008811912, y: -0.0000000634867, z: 0.000000044238877, w: 1}
  m_LocalPosition: {x: -0.17632355, y: -0.0002012062, z: -3.3069228e-10}
  m_LocalScale: {x: 1, y: 1, z: 1}
  m_Children:
  - {fileID: 6642613397401293779}
  m_Father: {fileID: 6642613397401293319}
  m_RootOrder: 0
  m_LocalEulerAnglesHint: {x: 0, y: 0, z: 0}
--- !u!1 &6642613397401456171
GameObject:
  m_ObjectHideFlags: 0
  m_CorrespondingSourceObject: {fileID: 0}
  m_PrefabInstance: {fileID: 0}
  m_PrefabAsset: {fileID: 0}
  serializedVersion: 6
  m_Component:
  - component: {fileID: 6642613397401293323}
  m_Layer: 0
  m_Name: B_L_Finger11
  m_TagString: Untagged
  m_Icon: {fileID: 0}
  m_NavMeshLayer: 0
  m_StaticEditorFlags: 0
  m_IsActive: 1
--- !u!4 &6642613397401293323
Transform:
  m_ObjectHideFlags: 0
  m_CorrespondingSourceObject: {fileID: 0}
  m_PrefabInstance: {fileID: 0}
  m_PrefabAsset: {fileID: 0}
  m_GameObject: {fileID: 6642613397401456171}
  m_LocalRotation: {x: 0.00000007077848, y: -0.00000023096804, z: -0.000006350688, w: 1}
  m_LocalPosition: {x: -0.05438873, y: 0, z: 0.00000015258789}
  m_LocalScale: {x: 0.9999999, y: 0.9999998, z: 1}
  m_Children:
  - {fileID: 6642613397401293699}
  m_Father: {fileID: 6642613397401293355}
  m_RootOrder: 0
  m_LocalEulerAnglesHint: {x: 0, y: 0, z: 0}
--- !u!1 &6642613397401456173
GameObject:
  m_ObjectHideFlags: 0
  m_CorrespondingSourceObject: {fileID: 0}
  m_PrefabInstance: {fileID: 0}
  m_PrefabAsset: {fileID: 0}
  serializedVersion: 6
  m_Component:
  - component: {fileID: 6642613397401293325}
  m_Layer: 0
  m_Name: B_R_UpperArm
  m_TagString: Untagged
  m_Icon: {fileID: 0}
  m_NavMeshLayer: 0
  m_StaticEditorFlags: 0
  m_IsActive: 1
--- !u!4 &6642613397401293325
Transform:
  m_ObjectHideFlags: 0
  m_CorrespondingSourceObject: {fileID: 0}
  m_PrefabInstance: {fileID: 0}
  m_PrefabAsset: {fileID: 0}
  m_GameObject: {fileID: 6642613397401456173}
  m_LocalRotation: {x: -0.00039575927, y: -0.000031750515, z: 0.00021429121, w: 0.99999994}
  m_LocalPosition: {x: -0.27203563, y: 0.0000001347065, z: 0.00000015258789}
  m_LocalScale: {x: 0.99999994, y: 1.0000001, z: 0.9999998}
  m_Children:
  - {fileID: 6642613397401293327}
  m_Father: {fileID: 6642613397401293401}
  m_RootOrder: 0
  m_LocalEulerAnglesHint: {x: 0, y: 0, z: 0}
--- !u!1 &6642613397401456175
GameObject:
  m_ObjectHideFlags: 0
  m_CorrespondingSourceObject: {fileID: 0}
  m_PrefabInstance: {fileID: 0}
  m_PrefabAsset: {fileID: 0}
  serializedVersion: 6
  m_Component:
  - component: {fileID: 6642613397401293327}
  m_Layer: 0
  m_Name: B_R_Forearm
  m_TagString: Untagged
  m_Icon: {fileID: 0}
  m_NavMeshLayer: 0
  m_StaticEditorFlags: 0
  m_IsActive: 1
--- !u!4 &6642613397401293327
Transform:
  m_ObjectHideFlags: 0
  m_CorrespondingSourceObject: {fileID: 0}
  m_PrefabInstance: {fileID: 0}
  m_PrefabAsset: {fileID: 0}
  m_GameObject: {fileID: 6642613397401456175}
  m_LocalRotation: {x: 0.00000009072137, y: 0.000000003057888, z: 0.0021765858, w: 0.9999977}
  m_LocalPosition: {x: -0.35551205, y: 0.00000000834465, z: 0.00000015258789}
  m_LocalScale: {x: 0.99999994, y: 0.99999976, z: 1.0000001}
  m_Children:
  - {fileID: 6642613397401293375}
  m_Father: {fileID: 6642613397401293325}
  m_RootOrder: 0
  m_LocalEulerAnglesHint: {x: 0, y: 0, z: 0}
--- !u!1 &6642613397401456177
GameObject:
  m_ObjectHideFlags: 0
  m_CorrespondingSourceObject: {fileID: 0}
  m_PrefabInstance: {fileID: 0}
  m_PrefabAsset: {fileID: 0}
  serializedVersion: 6
  m_Component:
  - component: {fileID: 6642613397401293329}
  m_Layer: 0
  m_Name: B_R_Thigh
  m_TagString: Untagged
  m_Icon: {fileID: 0}
  m_NavMeshLayer: 0
  m_StaticEditorFlags: 0
  m_IsActive: 1
--- !u!4 &6642613397401293329
Transform:
  m_ObjectHideFlags: 0
  m_CorrespondingSourceObject: {fileID: 0}
  m_PrefabInstance: {fileID: 0}
  m_PrefabAsset: {fileID: 0}
  m_GameObject: {fileID: 6642613397401456177}
  m_LocalRotation: {x: 0.005688329, y: 0.99954396, z: -0.00020930552, w: -0.029655885}
  m_LocalPosition: {x: -0, y: -0.00000010229647, z: -0.1165233}
  m_LocalScale: {x: 0.9999999, y: 1, z: 1}
  m_Children:
  - {fileID: 6642613397401293331}
  m_Father: {fileID: 6642613397401293317}
  m_RootOrder: 1
  m_LocalEulerAnglesHint: {x: 0, y: 0, z: 0}
--- !u!1 &6642613397401456179
GameObject:
  m_ObjectHideFlags: 0
  m_CorrespondingSourceObject: {fileID: 0}
  m_PrefabInstance: {fileID: 0}
  m_PrefabAsset: {fileID: 0}
  serializedVersion: 6
  m_Component:
  - component: {fileID: 6642613397401293331}
  m_Layer: 0
  m_Name: B_R_Calf
  m_TagString: Untagged
  m_Icon: {fileID: 0}
  m_NavMeshLayer: 0
  m_StaticEditorFlags: 0
  m_IsActive: 1
--- !u!4 &6642613397401293331
Transform:
  m_ObjectHideFlags: 0
  m_CorrespondingSourceObject: {fileID: 0}
  m_PrefabInstance: {fileID: 0}
  m_PrefabAsset: {fileID: 0}
  m_GameObject: {fileID: 6642613397401456179}
  m_LocalRotation: {x: 0.0000023839361, y: -0.00000007164932, z: 0.049677882, w: 0.9987653}
  m_LocalPosition: {x: -0.5916798, y: -0.0000000011920929, z: 0.000000038146972}
  m_LocalScale: {x: 1.0000002, y: 1.0000001, z: 1}
  m_Children:
  - {fileID: 6642613397401293333}
  m_Father: {fileID: 6642613397401293329}
  m_RootOrder: 0
  m_LocalEulerAnglesHint: {x: 0, y: 0, z: 0}
--- !u!1 &6642613397401456181
GameObject:
  m_ObjectHideFlags: 0
  m_CorrespondingSourceObject: {fileID: 0}
  m_PrefabInstance: {fileID: 0}
  m_PrefabAsset: {fileID: 0}
  serializedVersion: 6
  m_Component:
  - component: {fileID: 6642613397401293333}
  m_Layer: 0
  m_Name: B_R_Foot
  m_TagString: Untagged
  m_Icon: {fileID: 0}
  m_NavMeshLayer: 0
  m_StaticEditorFlags: 0
  m_IsActive: 1
--- !u!4 &6642613397401293333
Transform:
  m_ObjectHideFlags: 0
  m_CorrespondingSourceObject: {fileID: 0}
  m_PrefabInstance: {fileID: 0}
  m_PrefabAsset: {fileID: 0}
  m_GameObject: {fileID: 6642613397401456181}
  m_LocalRotation: {x: 0.008042244, y: -0.030146819, z: -0.055045996, w: 0.9979962}
  m_LocalPosition: {x: -0.5950507, y: -0.000000019073486, z: 0.000000057220458}
  m_LocalScale: {x: 0.9999999, y: 0.9999998, z: 1}
  m_Children:
  - {fileID: 6642613397401293781}
  m_Father: {fileID: 6642613397401293331}
  m_RootOrder: 0
  m_LocalEulerAnglesHint: {x: 0, y: 0, z: 0}
--- !u!1 &6642613397401456183
GameObject:
  m_ObjectHideFlags: 0
  m_CorrespondingSourceObject: {fileID: 0}
  m_PrefabInstance: {fileID: 0}
  m_PrefabAsset: {fileID: 0}
  serializedVersion: 6
  m_Component:
  - component: {fileID: 6642613397401293335}
  m_Layer: 0
  m_Name: B_R_Finger1
  m_TagString: Untagged
  m_Icon: {fileID: 0}
  m_NavMeshLayer: 0
  m_StaticEditorFlags: 0
  m_IsActive: 1
--- !u!4 &6642613397401293335
Transform:
  m_ObjectHideFlags: 0
  m_CorrespondingSourceObject: {fileID: 0}
  m_PrefabInstance: {fileID: 0}
  m_PrefabAsset: {fileID: 0}
  m_GameObject: {fileID: 6642613397401456183}
  m_LocalRotation: {x: -0.7071068, y: -0.000000037841307, z: 0.000000081224236, w: 0.7071068}
  m_LocalPosition: {x: -0.17315146, y: -0.026357422, z: 0.049068164}
  m_LocalScale: {x: 0.9999999, y: 1, z: 1.0000002}
  m_Children:
  - {fileID: 6642613397401293337}
  m_Father: {fileID: 6642613397401293375}
  m_RootOrder: 1
  m_LocalEulerAnglesHint: {x: 0, y: 0, z: 0}
--- !u!1 &6642613397401456185
GameObject:
  m_ObjectHideFlags: 0
  m_CorrespondingSourceObject: {fileID: 0}
  m_PrefabInstance: {fileID: 0}
  m_PrefabAsset: {fileID: 0}
  serializedVersion: 6
  m_Component:
  - component: {fileID: 6642613397401293337}
  m_Layer: 0
  m_Name: B_R_Finger11
  m_TagString: Untagged
  m_Icon: {fileID: 0}
  m_NavMeshLayer: 0
  m_StaticEditorFlags: 0
  m_IsActive: 1
--- !u!4 &6642613397401293337
Transform:
  m_ObjectHideFlags: 0
  m_CorrespondingSourceObject: {fileID: 0}
  m_PrefabInstance: {fileID: 0}
  m_PrefabAsset: {fileID: 0}
  m_GameObject: {fileID: 6642613397401456185}
  m_LocalRotation: {x: -0.000000031672876, y: 0.00000032037462, z: -0.0000063155308, w: 1}
  m_LocalPosition: {x: -0.05438858, y: -0.0000000047683715, z: 0}
  m_LocalScale: {x: 1.0000001, y: 0.9999998, z: 1}
  m_Children:
  - {fileID: 6642613397401293737}
  m_Father: {fileID: 6642613397401293335}
  m_RootOrder: 0
  m_LocalEulerAnglesHint: {x: 0, y: 0, z: 0}
--- !u!1 &6642613397401456187
GameObject:
  m_ObjectHideFlags: 0
  m_CorrespondingSourceObject: {fileID: 0}
  m_PrefabInstance: {fileID: 0}
  m_PrefabAsset: {fileID: 0}
  serializedVersion: 6
  m_Component:
  - component: {fileID: 6642613397401293339}
  m_Layer: 0
  m_Name: B_Head
  m_TagString: Untagged
  m_Icon: {fileID: 0}
  m_NavMeshLayer: 0
  m_StaticEditorFlags: 0
  m_IsActive: 1
--- !u!4 &6642613397401293339
Transform:
  m_ObjectHideFlags: 0
  m_CorrespondingSourceObject: {fileID: 0}
  m_PrefabInstance: {fileID: 0}
  m_PrefabAsset: {fileID: 0}
  m_GameObject: {fileID: 6642613397401456187}
  m_LocalRotation: {x: -0.000007221261, y: 0.000000551527, z: 0.000000068821045, w: 1}
  m_LocalPosition: {x: -0.109315485, y: -0.0026627253, z: 0.0000000026151246}
  m_LocalScale: {x: 1, y: 1, z: 1}
  m_Children: []
  m_Father: {fileID: 6642613397401293403}
  m_RootOrder: 0
  m_LocalEulerAnglesHint: {x: 0, y: 0, z: 0}
--- !u!1 &6642613397401456199
GameObject:
  m_ObjectHideFlags: 0
  m_CorrespondingSourceObject: {fileID: 0}
  m_PrefabInstance: {fileID: 0}
  m_PrefabAsset: {fileID: 0}
  serializedVersion: 6
  m_Component:
  - component: {fileID: 6642613397401293351}
  m_Layer: 0
  m_Name: B_L_Finger0
  m_TagString: Untagged
  m_Icon: {fileID: 0}
  m_NavMeshLayer: 0
  m_StaticEditorFlags: 0
  m_IsActive: 1
--- !u!4 &6642613397401293351
Transform:
  m_ObjectHideFlags: 0
  m_CorrespondingSourceObject: {fileID: 0}
  m_PrefabInstance: {fileID: 0}
  m_PrefabAsset: {fileID: 0}
  m_GameObject: {fileID: 6642613397401456199}
  m_LocalRotation: {x: 0.72094166, y: 0.000003977571, z: 0.0000041804083, w: 0.6929958}
  m_LocalPosition: {x: -0.12316856, y: -0.00520874, z: -0.09563878}
  m_LocalScale: {x: 1.0000005, y: 1, z: 1}
  m_Children:
  - {fileID: 6642613397401293353}
  m_Father: {fileID: 6642613397401293363}
  m_RootOrder: 0
  m_LocalEulerAnglesHint: {x: 0, y: 0, z: 0}
--- !u!1 &6642613397401456201
GameObject:
  m_ObjectHideFlags: 0
  m_CorrespondingSourceObject: {fileID: 0}
  m_PrefabInstance: {fileID: 0}
  m_PrefabAsset: {fileID: 0}
  serializedVersion: 6
  m_Component:
  - component: {fileID: 6642613397401293353}
  m_Layer: 0
  m_Name: B_L_Finger01
  m_TagString: Untagged
  m_Icon: {fileID: 0}
  m_NavMeshLayer: 0
  m_StaticEditorFlags: 0
  m_IsActive: 1
--- !u!4 &6642613397401293353
Transform:
  m_ObjectHideFlags: 0
  m_CorrespondingSourceObject: {fileID: 0}
  m_PrefabInstance: {fileID: 0}
  m_PrefabAsset: {fileID: 0}
  m_GameObject: {fileID: 6642613397401456201}
  m_LocalRotation: {x: 0.0000008754433, y: 0.00000001938639, z: 0.00000006599024, w: 1}
  m_LocalPosition: {x: -0.048670728, y: -0.0000000047683715, z: -0.00000030517577}
  m_LocalScale: {x: 1.0000001, y: 0.99999994, z: 0.99999976}
  m_Children:
  - {fileID: 6642613397401293701}
  m_Father: {fileID: 6642613397401293351}
  m_RootOrder: 0
  m_LocalEulerAnglesHint: {x: 0, y: 0, z: 0}
--- !u!1 &6642613397401456203
GameObject:
  m_ObjectHideFlags: 0
  m_CorrespondingSourceObject: {fileID: 0}
  m_PrefabInstance: {fileID: 0}
  m_PrefabAsset: {fileID: 0}
  serializedVersion: 6
  m_Component:
  - component: {fileID: 6642613397401293355}
  m_Layer: 0
  m_Name: B_L_Finger1
  m_TagString: Untagged
  m_Icon: {fileID: 0}
  m_NavMeshLayer: 0
  m_StaticEditorFlags: 0
  m_IsActive: 1
--- !u!4 &6642613397401293355
Transform:
  m_ObjectHideFlags: 0
  m_CorrespondingSourceObject: {fileID: 0}
  m_PrefabInstance: {fileID: 0}
  m_PrefabAsset: {fileID: 0}
  m_GameObject: {fileID: 6642613397401456203}
  m_LocalRotation: {x: 0.7071067, y: -0.0000000535421, z: 0.00000006367752, w: 0.7071068}
  m_LocalPosition: {x: -0.17315124, y: -0.026357422, z: -0.049068086}
  m_LocalScale: {x: 1.0000001, y: 0.9999999, z: 1.0000004}
  m_Children:
  - {fileID: 6642613397401293323}
  m_Father: {fileID: 6642613397401293363}
  m_RootOrder: 1
  m_LocalEulerAnglesHint: {x: 0, y: 0, z: 0}
--- !u!1 &6642613397401456205
GameObject:
  m_ObjectHideFlags: 0
  m_CorrespondingSourceObject: {fileID: 0}
  m_PrefabInstance: {fileID: 0}
  m_PrefabAsset: {fileID: 0}
  serializedVersion: 6
  m_Component:
  - component: {fileID: 6642613397401293357}
  - component: {fileID: 6642613397408726527}
  m_Layer: 0
  m_Name: 0002_Model
  m_TagString: Untagged
  m_Icon: {fileID: 0}
  m_NavMeshLayer: 0
  m_StaticEditorFlags: 0
  m_IsActive: 1
--- !u!4 &6642613397401293357
Transform:
  m_ObjectHideFlags: 0
  m_CorrespondingSourceObject: {fileID: 0}
  m_PrefabInstance: {fileID: 0}
  m_PrefabAsset: {fileID: 0}
  m_GameObject: {fileID: 6642613397401456205}
  m_LocalRotation: {x: 0, y: 0, z: 0, w: 1}
  m_LocalPosition: {x: 0, y: 0, z: 0}
  m_LocalScale: {x: 1, y: 1, z: 1}
  m_Children:
  - {fileID: 6642613397401293777}
  - {fileID: 6642613397401293773}
  - {fileID: 8338118626287789273}
  m_Father: {fileID: 0}
  m_RootOrder: 0
  m_LocalEulerAnglesHint: {x: 0, y: 0, z: 0}
--- !u!95 &6642613397408726527
Animator:
  serializedVersion: 3
  m_ObjectHideFlags: 0
  m_CorrespondingSourceObject: {fileID: 0}
  m_PrefabInstance: {fileID: 0}
  m_PrefabAsset: {fileID: 0}
  m_GameObject: {fileID: 6642613397401456205}
  m_Enabled: 1
  m_Avatar: {fileID: 9000000, guid: e57e9b8cd5e115f4f8d7736473e5c7fd, type: 3}
  m_Controller: {fileID: 9100000, guid: 004984a8c1a1d44448e4ae110fcfbad8, type: 2}
  m_CullingMode: 1
  m_UpdateMode: 0
  m_ApplyRootMotion: 1
  m_LinearVelocityBlending: 0
  m_WarningMessage: 
  m_HasTransformHierarchy: 1
  m_AllowConstantClipSamplingOptimization: 1
  m_KeepAnimatorControllerStateOnDisable: 0
--- !u!1 &6642613397401456207
GameObject:
  m_ObjectHideFlags: 0
  m_CorrespondingSourceObject: {fileID: 0}
  m_PrefabInstance: {fileID: 0}
  m_PrefabAsset: {fileID: 0}
  serializedVersion: 6
  m_Component:
  - component: {fileID: 6642613397401293359}
  m_Layer: 0
  m_Name: B_L_UpperArm
  m_TagString: Untagged
  m_Icon: {fileID: 0}
  m_NavMeshLayer: 0
  m_StaticEditorFlags: 0
  m_IsActive: 1
--- !u!4 &6642613397401293359
Transform:
  m_ObjectHideFlags: 0
  m_CorrespondingSourceObject: {fileID: 0}
  m_PrefabInstance: {fileID: 0}
  m_PrefabAsset: {fileID: 0}
  m_GameObject: {fileID: 6642613397401456207}
  m_LocalRotation: {x: 0.00039588264, y: 0.000030210404, z: 0.00022920946, w: 0.9999999}
  m_LocalPosition: {x: -0.27203572, y: 0.000000019073486, z: 0}
  m_LocalScale: {x: 0.9999999, y: 0.9999997, z: 1.0000002}
  m_Children:
  - {fileID: 6642613397401293361}
  m_Father: {fileID: 6642613397401293407}
  m_RootOrder: 0
  m_LocalEulerAnglesHint: {x: 0, y: 0, z: 0}
--- !u!1 &6642613397401456209
GameObject:
  m_ObjectHideFlags: 0
  m_CorrespondingSourceObject: {fileID: 0}
  m_PrefabInstance: {fileID: 0}
  m_PrefabAsset: {fileID: 0}
  serializedVersion: 6
  m_Component:
  - component: {fileID: 6642613397401293361}
  m_Layer: 0
  m_Name: B_L_Forearm
  m_TagString: Untagged
  m_Icon: {fileID: 0}
  m_NavMeshLayer: 0
  m_StaticEditorFlags: 0
  m_IsActive: 1
--- !u!4 &6642613397401293361
Transform:
  m_ObjectHideFlags: 0
  m_CorrespondingSourceObject: {fileID: 0}
  m_PrefabInstance: {fileID: 0}
  m_PrefabAsset: {fileID: 0}
  m_GameObject: {fileID: 6642613397401456209}
  m_LocalRotation: {x: 0.000000016202893, y: 0.000000036879893, z: 0.0021768883, w: 0.9999976}
  m_LocalPosition: {x: -0.35551214, y: -0.000000035762785, z: 0.00000015258789}
  m_LocalScale: {x: 1.0000001, y: 1.0000001, z: 0.99999976}
  m_Children:
  - {fileID: 6642613397401293363}
  m_Father: {fileID: 6642613397401293359}
  m_RootOrder: 0
  m_LocalEulerAnglesHint: {x: 0, y: 0, z: 0}
--- !u!1 &6642613397401456211
GameObject:
  m_ObjectHideFlags: 0
  m_CorrespondingSourceObject: {fileID: 0}
  m_PrefabInstance: {fileID: 0}
  m_PrefabAsset: {fileID: 0}
  serializedVersion: 6
  m_Component:
  - component: {fileID: 6642613397401293363}
  m_Layer: 0
  m_Name: B_L_Hand
  m_TagString: Untagged
  m_Icon: {fileID: 0}
  m_NavMeshLayer: 0
  m_StaticEditorFlags: 0
  m_IsActive: 1
--- !u!4 &6642613397401293363
Transform:
  m_ObjectHideFlags: 0
  m_CorrespondingSourceObject: {fileID: 0}
  m_PrefabInstance: {fileID: 0}
  m_PrefabAsset: {fileID: 0}
  m_GameObject: {fileID: 6642613397401456211}
  m_LocalRotation: {x: -0.7071035, y: 0.0015351239, z: -0.0015344981, w: 0.70710677}
  m_LocalPosition: {x: -0.35489592, y: -0.0000000667572, z: -0.00000015258789}
  m_LocalScale: {x: 0.99999994, y: 0.9999998, z: 1.0000005}
  m_Children:
  - {fileID: 6642613397401293351}
  - {fileID: 6642613397401293355}
  - {fileID: 6642613397401293697}
  - {fileID: 6642613397401293755}
  - {fileID: 6642613397401293749}
  m_Father: {fileID: 6642613397401293361}
  m_RootOrder: 0
  m_LocalEulerAnglesHint: {x: 0, y: 0, z: 0}
--- !u!1 &6642613397401456217
GameObject:
  m_ObjectHideFlags: 0
  m_CorrespondingSourceObject: {fileID: 0}
  m_PrefabInstance: {fileID: 0}
  m_PrefabAsset: {fileID: 0}
  serializedVersion: 6
  m_Component:
  - component: {fileID: 6642613397401293369}
  m_Layer: 0
  m_Name: B_L_Thigh
  m_TagString: Untagged
  m_Icon: {fileID: 0}
  m_NavMeshLayer: 0
  m_StaticEditorFlags: 0
  m_IsActive: 1
--- !u!4 &6642613397401293369
Transform:
  m_ObjectHideFlags: 0
  m_CorrespondingSourceObject: {fileID: 0}
  m_PrefabInstance: {fileID: 0}
  m_PrefabAsset: {fileID: 0}
  m_GameObject: {fileID: 6642613397401456217}
  m_LocalRotation: {x: 0.005688404, y: 0.99954396, z: 0.0002067759, w: 0.029656004}
  m_LocalPosition: {x: -0, y: 0.00000021971762, z: 0.1165233}
  m_LocalScale: {x: 0.99999994, y: 1, z: 1}
  m_Children:
  - {fileID: 6642613397401293371}
  m_Father: {fileID: 6642613397401293317}
  m_RootOrder: 0
  m_LocalEulerAnglesHint: {x: 0, y: 0, z: 0}
--- !u!1 &6642613397401456219
GameObject:
  m_ObjectHideFlags: 0
  m_CorrespondingSourceObject: {fileID: 0}
  m_PrefabInstance: {fileID: 0}
  m_PrefabAsset: {fileID: 0}
  serializedVersion: 6
  m_Component:
  - component: {fileID: 6642613397401293371}
  m_Layer: 0
  m_Name: B_L_Calf
  m_TagString: Untagged
  m_Icon: {fileID: 0}
  m_NavMeshLayer: 0
  m_StaticEditorFlags: 0
  m_IsActive: 1
--- !u!4 &6642613397401293371
Transform:
  m_ObjectHideFlags: 0
  m_CorrespondingSourceObject: {fileID: 0}
  m_PrefabInstance: {fileID: 0}
  m_PrefabAsset: {fileID: 0}
  m_GameObject: {fileID: 6642613397401456219}
  m_LocalRotation: {x: -0.0000040195077, y: 0.00000015627745, z: 0.049677882, w: 0.9987653}
  m_LocalPosition: {x: -0.59167975, y: 0.0000000047683715, z: 0.000000038146972}
  m_LocalScale: {x: 1.0000002, y: 1.0000002, z: 1.0000001}
  m_Children:
  - {fileID: 6642613397401293373}
  m_Father: {fileID: 6642613397401293369}
  m_RootOrder: 0
  m_LocalEulerAnglesHint: {x: 0, y: 0, z: 0}
--- !u!1 &6642613397401456221
GameObject:
  m_ObjectHideFlags: 0
  m_CorrespondingSourceObject: {fileID: 0}
  m_PrefabInstance: {fileID: 0}
  m_PrefabAsset: {fileID: 0}
  serializedVersion: 6
  m_Component:
  - component: {fileID: 6642613397401293373}
  m_Layer: 0
  m_Name: B_L_Foot
  m_TagString: Untagged
  m_Icon: {fileID: 0}
  m_NavMeshLayer: 0
  m_StaticEditorFlags: 0
  m_IsActive: 1
--- !u!4 &6642613397401293373
Transform:
  m_ObjectHideFlags: 0
  m_CorrespondingSourceObject: {fileID: 0}
  m_PrefabInstance: {fileID: 0}
  m_PrefabAsset: {fileID: 0}
  m_GameObject: {fileID: 6642613397401456221}
  m_LocalRotation: {x: -0.008041745, y: 0.030146725, z: -0.05504599, w: 0.9979962}
  m_LocalPosition: {x: -0.5950507, y: -0.000000009536743, z: -0.000000038146972}
  m_LocalScale: {x: 0.9999999, y: 0.9999999, z: 0.99999994}
  m_Children:
  - {fileID: 6642613397401293743}
  m_Father: {fileID: 6642613397401293371}
  m_RootOrder: 0
  m_LocalEulerAnglesHint: {x: 0, y: 0, z: 0}
--- !u!1 &6642613397401456223
GameObject:
  m_ObjectHideFlags: 0
  m_CorrespondingSourceObject: {fileID: 0}
  m_PrefabInstance: {fileID: 0}
  m_PrefabAsset: {fileID: 0}
  serializedVersion: 6
  m_Component:
  - component: {fileID: 6642613397401293375}
  m_Layer: 0
  m_Name: B_R_Hand
  m_TagString: Untagged
  m_Icon: {fileID: 0}
  m_NavMeshLayer: 0
  m_StaticEditorFlags: 0
  m_IsActive: 1
--- !u!4 &6642613397401293375
Transform:
  m_ObjectHideFlags: 0
  m_CorrespondingSourceObject: {fileID: 0}
  m_PrefabInstance: {fileID: 0}
  m_PrefabAsset: {fileID: 0}
  m_GameObject: {fileID: 6642613397401456223}
  m_LocalRotation: {x: 0.7071034, y: -0.001535009, z: -0.0015344461, w: 0.7071068}
  m_LocalPosition: {x: -0.35489616, y: -0.00000008702278, z: -0.00000030517577}
  m_LocalScale: {x: 1.0000001, y: 0.99999994, z: 1.0000002}
  m_Children:
  - {fileID: 6642613397401293313}
  - {fileID: 6642613397401293335}
  - {fileID: 6642613397401293735}
  - {fileID: 6642613397401293729}
  - {fileID: 6642613397401293787}
  m_Father: {fileID: 6642613397401293327}
  m_RootOrder: 0
  m_LocalEulerAnglesHint: {x: 0, y: 0, z: 0}
--- !u!1 &6642613397401456249
GameObject:
  m_ObjectHideFlags: 0
  m_CorrespondingSourceObject: {fileID: 0}
  m_PrefabInstance: {fileID: 0}
  m_PrefabAsset: {fileID: 0}
  serializedVersion: 6
  m_Component:
  - component: {fileID: 6642613397401293401}
  m_Layer: 0
  m_Name: B_R_Clavicle
  m_TagString: Untagged
  m_Icon: {fileID: 0}
  m_NavMeshLayer: 0
  m_StaticEditorFlags: 0
  m_IsActive: 1
--- !u!4 &6642613397401293401
Transform:
  m_ObjectHideFlags: 0
  m_CorrespondingSourceObject: {fileID: 0}
  m_PrefabInstance: {fileID: 0}
  m_PrefabAsset: {fileID: 0}
  m_GameObject: {fileID: 6642613397401456249}
  m_LocalRotation: {x: 0.70710677, y: 0.00028134102, z: 0.70710677, w: -0.00028134102}
  m_LocalPosition: {x: -0.12008545, y: -0.014548268, z: -0.053028047}
  m_LocalScale: {x: 1.0000001, y: 0.99999976, z: 0.99999964}
  m_Children:
  - {fileID: 6642613397401293325}
  m_Father: {fileID: 6642613397401293779}
  m_RootOrder: 2
  m_LocalEulerAnglesHint: {x: 0, y: 0, z: 0}
--- !u!1 &6642613397401456251
GameObject:
  m_ObjectHideFlags: 0
  m_CorrespondingSourceObject: {fileID: 0}
  m_PrefabInstance: {fileID: 0}
  m_PrefabAsset: {fileID: 0}
  serializedVersion: 6
  m_Component:
  - component: {fileID: 6642613397401293403}
  m_Layer: 0
  m_Name: B_Neck
  m_TagString: Untagged
  m_Icon: {fileID: 0}
  m_NavMeshLayer: 0
  m_StaticEditorFlags: 0
  m_IsActive: 1
--- !u!4 &6642613397401293403
Transform:
  m_ObjectHideFlags: 0
  m_CorrespondingSourceObject: {fileID: 0}
  m_PrefabInstance: {fileID: 0}
  m_PrefabAsset: {fileID: 0}
  m_GameObject: {fileID: 6642613397401456251}
  m_LocalRotation: {x: 0.00000022412031, y: -0.00000028685258, z: -0.00000036507453, w: 1}
  m_LocalPosition: {x: -0.33545333, y: -0.030458547, z: 9.983341e-10}
  m_LocalScale: {x: 0.99999976, y: 0.99999976, z: 1}
  m_Children:
  - {fileID: 6642613397401293339}
  m_Father: {fileID: 6642613397401293779}
  m_RootOrder: 1
  m_LocalEulerAnglesHint: {x: 0, y: 0, z: 0}
--- !u!1 &6642613397401456255
GameObject:
  m_ObjectHideFlags: 0
  m_CorrespondingSourceObject: {fileID: 0}
  m_PrefabInstance: {fileID: 0}
  m_PrefabAsset: {fileID: 0}
  serializedVersion: 6
  m_Component:
  - component: {fileID: 6642613397401293407}
  m_Layer: 0
  m_Name: B_L_Clavicle
  m_TagString: Untagged
  m_Icon: {fileID: 0}
  m_NavMeshLayer: 0
  m_StaticEditorFlags: 0
  m_IsActive: 1
--- !u!4 &6642613397401293407
Transform:
  m_ObjectHideFlags: 0
  m_CorrespondingSourceObject: {fileID: 0}
  m_PrefabInstance: {fileID: 0}
  m_PrefabAsset: {fileID: 0}
  m_GameObject: {fileID: 6642613397401456255}
  m_LocalRotation: {x: 0.70710677, y: 0.00028134102, z: -0.70710677, w: 0.00028134102}
  m_LocalPosition: {x: -0.12008545, y: -0.014548614, z: 0.053027954}
  m_LocalScale: {x: 1, y: 0.9999999, z: 0.99999976}
  m_Children:
  - {fileID: 6642613397401293359}
  m_Father: {fileID: 6642613397401293779}
  m_RootOrder: 0
  m_LocalEulerAnglesHint: {x: 0, y: 0, z: 0}
--- !u!1 &6642613397401456545
GameObject:
  m_ObjectHideFlags: 0
  m_CorrespondingSourceObject: {fileID: 0}
  m_PrefabInstance: {fileID: 0}
  m_PrefabAsset: {fileID: 0}
  serializedVersion: 6
  m_Component:
  - component: {fileID: 6642613397401293697}
  m_Layer: 0
  m_Name: B_L_Finger2
  m_TagString: Untagged
  m_Icon: {fileID: 0}
  m_NavMeshLayer: 0
  m_StaticEditorFlags: 0
  m_IsActive: 1
--- !u!4 &6642613397401293697
Transform:
  m_ObjectHideFlags: 0
  m_CorrespondingSourceObject: {fileID: 0}
  m_PrefabInstance: {fileID: 0}
  m_PrefabAsset: {fileID: 0}
  m_GameObject: {fileID: 6642613397401456545}
  m_LocalRotation: {x: 0.7071067, y: 0.000000084093394, z: 0.00000023160673, w: 0.7071068}
  m_LocalPosition: {x: -0.17315139, y: -0.026325531, z: -0.008993611}
  m_LocalScale: {x: 1, y: 0.9999999, z: 1.0000005}
  m_Children:
  - {fileID: 6642613397401293759}
  m_Father: {fileID: 6642613397401293363}
  m_RootOrder: 2
  m_LocalEulerAnglesHint: {x: 0, y: 0, z: 0}
--- !u!1 &6642613397401456547
GameObject:
  m_ObjectHideFlags: 0
  m_CorrespondingSourceObject: {fileID: 0}
  m_PrefabInstance: {fileID: 0}
  m_PrefabAsset: {fileID: 0}
  serializedVersion: 6
  m_Component:
  - component: {fileID: 6642613397401293699}
  m_Layer: 0
  m_Name: B_L_Finger12
  m_TagString: Untagged
  m_Icon: {fileID: 0}
  m_NavMeshLayer: 0
  m_StaticEditorFlags: 0
  m_IsActive: 1
--- !u!4 &6642613397401293699
Transform:
  m_ObjectHideFlags: 0
  m_CorrespondingSourceObject: {fileID: 0}
  m_PrefabInstance: {fileID: 0}
  m_PrefabAsset: {fileID: 0}
  m_GameObject: {fileID: 6642613397401456547}
  m_LocalRotation: {x: 0.00000021606675, y: 0.000000014901156, z: -0.00000002607704, w: 1}
  m_LocalPosition: {x: -0.05438858, y: -0.00000015258789, z: -0.00000030517577}
  m_LocalScale: {x: 1, y: 1.0000002, z: 1}
  m_Children: []
  m_Father: {fileID: 6642613397401293323}
  m_RootOrder: 0
  m_LocalEulerAnglesHint: {x: 0, y: 0, z: 0}
--- !u!1 &6642613397401456549
GameObject:
  m_ObjectHideFlags: 0
  m_CorrespondingSourceObject: {fileID: 0}
  m_PrefabInstance: {fileID: 0}
  m_PrefabAsset: {fileID: 0}
  serializedVersion: 6
  m_Component:
  - component: {fileID: 6642613397401293701}
  m_Layer: 0
  m_Name: B_L_Finger02
  m_TagString: Untagged
  m_Icon: {fileID: 0}
  m_NavMeshLayer: 0
  m_StaticEditorFlags: 0
  m_IsActive: 1
--- !u!4 &6642613397401293701
Transform:
  m_ObjectHideFlags: 0
  m_CorrespondingSourceObject: {fileID: 0}
  m_PrefabInstance: {fileID: 0}
  m_PrefabAsset: {fileID: 0}
  m_GameObject: {fileID: 6642613397401456549}
  m_LocalRotation: {x: 0.00000073574455, y: 0.00000025759837, z: -0.000000085334285, w: 1}
  m_LocalPosition: {x: -0.04867088, y: 0.000000009536743, z: 0.00000015258789}
  m_LocalScale: {x: 1.0000001, y: 1.0000004, z: 1}
  m_Children: []
  m_Father: {fileID: 6642613397401293353}
  m_RootOrder: 0
  m_LocalEulerAnglesHint: {x: 0, y: 0, z: 0}
--- !u!1 &6642613397401456577
GameObject:
  m_ObjectHideFlags: 0
  m_CorrespondingSourceObject: {fileID: 0}
  m_PrefabInstance: {fileID: 0}
  m_PrefabAsset: {fileID: 0}
  serializedVersion: 6
  m_Component:
  - component: {fileID: 6642613397401293729}
  m_Layer: 0
  m_Name: B_R_Finger3
  m_TagString: Untagged
  m_Icon: {fileID: 0}
  m_NavMeshLayer: 0
  m_StaticEditorFlags: 0
  m_IsActive: 1
--- !u!4 &6642613397401293729
Transform:
  m_ObjectHideFlags: 0
  m_CorrespondingSourceObject: {fileID: 0}
  m_PrefabInstance: {fileID: 0}
  m_PrefabAsset: {fileID: 0}
  m_GameObject: {fileID: 6642613397401456577}
  m_LocalRotation: {x: -0.7071068, y: -0.000000019794314, z: -0.0000000060959913, w: 0.7071068}
  m_LocalPosition: {x: -0.1731517, y: -0.026293486, z: -0.03144611}
  m_LocalScale: {x: 0.99999994, y: 1, z: 1.0000002}
  m_Children:
  - {fileID: 6642613397401293791}
  m_Father: {fileID: 6642613397401293375}
  m_RootOrder: 3
  m_LocalEulerAnglesHint: {x: 0, y: 0, z: 0}
--- !u!1 &6642613397401456579
GameObject:
  m_ObjectHideFlags: 0
  m_CorrespondingSourceObject: {fileID: 0}
  m_PrefabInstance: {fileID: 0}
  m_PrefabAsset: {fileID: 0}
  serializedVersion: 6
  m_Component:
  - component: {fileID: 6642613397401293731}
  m_Layer: 0
  m_Name: B_R_Finger22
  m_TagString: Untagged
  m_Icon: {fileID: 0}
  m_NavMeshLayer: 0
  m_StaticEditorFlags: 0
  m_IsActive: 1
--- !u!4 &6642613397401293731
Transform:
  m_ObjectHideFlags: 0
  m_CorrespondingSourceObject: {fileID: 0}
  m_PrefabInstance: {fileID: 0}
  m_PrefabAsset: {fileID: 0}
  m_GameObject: {fileID: 6642613397401456579}
  m_LocalRotation: {x: -0.000000026542725, y: 2.8273208e-16, z: -0.000000010651962, w: 1}
  m_LocalPosition: {x: -0.06345321, y: -0.0000000023841857, z: 0.00000015258789}
  m_LocalScale: {x: 1, y: 0.9999996, z: 0.9999998}
  m_Children: []
  m_Father: {fileID: 6642613397401293733}
  m_RootOrder: 0
  m_LocalEulerAnglesHint: {x: 0, y: 0, z: 0}
--- !u!1 &6642613397401456581
GameObject:
  m_ObjectHideFlags: 0
  m_CorrespondingSourceObject: {fileID: 0}
  m_PrefabInstance: {fileID: 0}
  m_PrefabAsset: {fileID: 0}
  serializedVersion: 6
  m_Component:
  - component: {fileID: 6642613397401293733}
  m_Layer: 0
  m_Name: B_R_Finger21
  m_TagString: Untagged
  m_Icon: {fileID: 0}
  m_NavMeshLayer: 0
  m_StaticEditorFlags: 0
  m_IsActive: 1
--- !u!4 &6642613397401293733
Transform:
  m_ObjectHideFlags: 0
  m_CorrespondingSourceObject: {fileID: 0}
  m_PrefabInstance: {fileID: 0}
  m_PrefabAsset: {fileID: 0}
  m_GameObject: {fileID: 6642613397401456581}
  m_LocalRotation: {x: -0.000000010718895, y: 0.000000089406626, z: -0.0000062888153, w: 1}
  m_LocalPosition: {x: -0.06345321, y: -0.00000015497207, z: -0.00000030517577}
  m_LocalScale: {x: 1.0000001, y: 1.0000004, z: 1.0000001}
  m_Children:
  - {fileID: 6642613397401293731}
  m_Father: {fileID: 6642613397401293735}
  m_RootOrder: 0
  m_LocalEulerAnglesHint: {x: 0, y: 0, z: 0}
--- !u!1 &6642613397401456583
GameObject:
  m_ObjectHideFlags: 0
  m_CorrespondingSourceObject: {fileID: 0}
  m_PrefabInstance: {fileID: 0}
  m_PrefabAsset: {fileID: 0}
  serializedVersion: 6
  m_Component:
  - component: {fileID: 6642613397401293735}
  m_Layer: 0
  m_Name: B_R_Finger2
  m_TagString: Untagged
  m_Icon: {fileID: 0}
  m_NavMeshLayer: 0
  m_StaticEditorFlags: 0
  m_IsActive: 1
--- !u!4 &6642613397401293735
Transform:
  m_ObjectHideFlags: 0
  m_CorrespondingSourceObject: {fileID: 0}
  m_PrefabInstance: {fileID: 0}
  m_PrefabAsset: {fileID: 0}
  m_GameObject: {fileID: 6642613397401456583}
  m_LocalRotation: {x: -0.7071067, y: -0.000000042945025, z: 0.000000023436947, w: 0.7071068}
  m_LocalPosition: {x: -0.17315163, y: -0.026325531, z: 0.00899338}
  m_LocalScale: {x: 0.9999999, y: 0.9999998, z: 1.0000001}
  m_Children:
  - {fileID: 6642613397401293733}
  m_Father: {fileID: 6642613397401293375}
  m_RootOrder: 2
  m_LocalEulerAnglesHint: {x: 0, y: 0, z: 0}
--- !u!1 &6642613397401456585
GameObject:
  m_ObjectHideFlags: 0
  m_CorrespondingSourceObject: {fileID: 0}
  m_PrefabInstance: {fileID: 0}
  m_PrefabAsset: {fileID: 0}
  serializedVersion: 6
  m_Component:
  - component: {fileID: 6642613397401293737}
  m_Layer: 0
  m_Name: B_R_Finger12
  m_TagString: Untagged
  m_Icon: {fileID: 0}
  m_NavMeshLayer: 0
  m_StaticEditorFlags: 0
  m_IsActive: 1
--- !u!4 &6642613397401293737
Transform:
  m_ObjectHideFlags: 0
  m_CorrespondingSourceObject: {fileID: 0}
  m_PrefabInstance: {fileID: 0}
  m_PrefabAsset: {fileID: 0}
  m_GameObject: {fileID: 6642613397401456585}
  m_LocalRotation: {x: -0.000000020489132, y: -0.00000011920919, z: -0.00000002095497, w: 1}
  m_LocalPosition: {x: -0.054388426, y: 0.0000000047683715, z: 0}
  m_LocalScale: {x: 1.0000001, y: 1.0000001, z: 0.99999976}
  m_Children: []
  m_Father: {fileID: 6642613397401293337}
  m_RootOrder: 0
  m_LocalEulerAnglesHint: {x: 0, y: 0, z: 0}
--- !u!1 &6642613397401456587
GameObject:
  m_ObjectHideFlags: 0
  m_CorrespondingSourceObject: {fileID: 0}
  m_PrefabInstance: {fileID: 0}
  m_PrefabAsset: {fileID: 0}
  serializedVersion: 6
  m_Component:
  - component: {fileID: 6642613397401293739}
  m_Layer: 0
  m_Name: B_R_Finger02
  m_TagString: Untagged
  m_Icon: {fileID: 0}
  m_NavMeshLayer: 0
  m_StaticEditorFlags: 0
  m_IsActive: 1
--- !u!4 &6642613397401293739
Transform:
  m_ObjectHideFlags: 0
  m_CorrespondingSourceObject: {fileID: 0}
  m_PrefabInstance: {fileID: 0}
  m_PrefabAsset: {fileID: 0}
  m_GameObject: {fileID: 6642613397401456587}
  m_LocalRotation: {x: -0.0000007562336, y: -0.00000033394542, z: -0.000000040237282, w: 1}
  m_LocalPosition: {x: -0.048670806, y: 0.00000008106232, z: 0.00000015258789}
  m_LocalScale: {x: 1.0000002, y: 1.0000005, z: 1.0000002}
  m_Children: []
  m_Father: {fileID: 6642613397401293315}
  m_RootOrder: 0
  m_LocalEulerAnglesHint: {x: 0, y: 0, z: 0}
--- !u!1 &6642613397401456591
GameObject:
  m_ObjectHideFlags: 0
  m_CorrespondingSourceObject: {fileID: 0}
  m_PrefabInstance: {fileID: 0}
  m_PrefabAsset: {fileID: 0}
  serializedVersion: 6
  m_Component:
  - component: {fileID: 6642613397401293743}
  m_Layer: 0
  m_Name: B_L_Toe0
  m_TagString: Untagged
  m_Icon: {fileID: 0}
  m_NavMeshLayer: 0
  m_StaticEditorFlags: 0
  m_IsActive: 1
--- !u!4 &6642613397401293743
Transform:
  m_ObjectHideFlags: 0
  m_CorrespondingSourceObject: {fileID: 0}
  m_PrefabInstance: {fileID: 0}
  m_PrefabAsset: {fileID: 0}
  m_GameObject: {fileID: 6642613397401456591}
  m_LocalRotation: {x: -0.000000020278954, y: 0.000000019709855, z: -0.7132062, w: 0.7009543}
  m_LocalPosition: {x: -0.14912972, y: 0.2427668, z: -0.0026480674}
  m_LocalScale: {x: 1, y: 1.0000001, z: 1}
  m_Children: []
  m_Father: {fileID: 6642613397401293373}
  m_RootOrder: 0
  m_LocalEulerAnglesHint: {x: 0, y: 0, z: 0}
--- !u!1 &6642613397401456593
GameObject:
  m_ObjectHideFlags: 0
  m_CorrespondingSourceObject: {fileID: 0}
  m_PrefabInstance: {fileID: 0}
  m_PrefabAsset: {fileID: 0}
  serializedVersion: 6
  m_Component:
  - component: {fileID: 6642613397401293745}
  m_Layer: 0
  m_Name: B_L_Finger42
  m_TagString: Untagged
  m_Icon: {fileID: 0}
  m_NavMeshLayer: 0
  m_StaticEditorFlags: 0
  m_IsActive: 1
--- !u!4 &6642613397401293745
Transform:
  m_ObjectHideFlags: 0
  m_CorrespondingSourceObject: {fileID: 0}
  m_PrefabInstance: {fileID: 0}
  m_PrefabAsset: {fileID: 0}
  m_GameObject: {fileID: 6642613397401456593}
  m_LocalRotation: {x: 0.7071067, y: 0.00000020151305, z: 0.00000047283558, w: 0.7071068}
  m_LocalPosition: {x: -0.04532379, y: -0.00000030517577, z: -0.00000017642975}
  m_LocalScale: {x: 1, y: 1, z: 0.99999964}
  m_Children: []
  m_Father: {fileID: 6642613397401293747}
  m_RootOrder: 0
  m_LocalEulerAnglesHint: {x: 0, y: 0, z: 0}
--- !u!1 &6642613397401456595
GameObject:
  m_ObjectHideFlags: 0
  m_CorrespondingSourceObject: {fileID: 0}
  m_PrefabInstance: {fileID: 0}
  m_PrefabAsset: {fileID: 0}
  serializedVersion: 6
  m_Component:
  - component: {fileID: 6642613397401293747}
  m_Layer: 0
  m_Name: B_L_Finger41
  m_TagString: Untagged
  m_Icon: {fileID: 0}
  m_NavMeshLayer: 0
  m_StaticEditorFlags: 0
  m_IsActive: 1
--- !u!4 &6642613397401293747
Transform:
  m_ObjectHideFlags: 0
  m_CorrespondingSourceObject: {fileID: 0}
  m_PrefabInstance: {fileID: 0}
  m_PrefabAsset: {fileID: 0}
  m_GameObject: {fileID: 6642613397401456595}
  m_LocalRotation: {x: 0.7071067, y: 0.00000027914083, z: 0.00000015994557, w: 0.7071069}
  m_LocalPosition: {x: -0.04532394, y: -0.000000057220458, z: 0.00000015258789}
  m_LocalScale: {x: 0.9999999, y: 0.99999976, z: 1}
  m_Children:
  - {fileID: 6642613397401293745}
  m_Father: {fileID: 6642613397401293749}
  m_RootOrder: 0
  m_LocalEulerAnglesHint: {x: 0, y: 0, z: 0}
--- !u!1 &6642613397401456597
GameObject:
  m_ObjectHideFlags: 0
  m_CorrespondingSourceObject: {fileID: 0}
  m_PrefabInstance: {fileID: 0}
  m_PrefabAsset: {fileID: 0}
  serializedVersion: 6
  m_Component:
  - component: {fileID: 6642613397401293749}
  m_Layer: 0
  m_Name: B_L_Finger4
  m_TagString: Untagged
  m_Icon: {fileID: 0}
  m_NavMeshLayer: 0
  m_StaticEditorFlags: 0
  m_IsActive: 1
--- !u!4 &6642613397401293749
Transform:
  m_ObjectHideFlags: 0
  m_CorrespondingSourceObject: {fileID: 0}
  m_PrefabInstance: {fileID: 0}
  m_PrefabAsset: {fileID: 0}
  m_GameObject: {fileID: 6642613397401456597}
  m_LocalRotation: {x: 0.7071057, y: 0.00000013076776, z: 0.00000020271294, w: 0.70710784}
  m_LocalPosition: {x: -0.17315139, y: -0.026262663, z: 0.0698929}
  m_LocalScale: {x: 1.0000001, y: 0.9999999, z: 1.0000006}
  m_Children:
  - {fileID: 6642613397401293747}
  m_Father: {fileID: 6642613397401293363}
  m_RootOrder: 4
  m_LocalEulerAnglesHint: {x: 0, y: 0, z: 0}
--- !u!1 &6642613397401456599
GameObject:
  m_ObjectHideFlags: 0
  m_CorrespondingSourceObject: {fileID: 0}
  m_PrefabInstance: {fileID: 0}
  m_PrefabAsset: {fileID: 0}
  serializedVersion: 6
  m_Component:
  - component: {fileID: 6642613397401293751}
  m_Layer: 0
  m_Name: B_L_Finger32
  m_TagString: Untagged
  m_Icon: {fileID: 0}
  m_NavMeshLayer: 0
  m_StaticEditorFlags: 0
  m_IsActive: 1
--- !u!4 &6642613397401293751
Transform:
  m_ObjectHideFlags: 0
  m_CorrespondingSourceObject: {fileID: 0}
  m_PrefabInstance: {fileID: 0}
  m_PrefabAsset: {fileID: 0}
  m_GameObject: {fileID: 6642613397401456599}
  m_LocalRotation: {x: -0.00000026635837, y: 0.00000006332987, z: 0.000000031083015, w: 1}
  m_LocalPosition: {x: -0.054388504, y: 0.00000019311905, z: 0}
  m_LocalScale: {x: 1, y: 0.9999998, z: 1.0000001}
  m_Children: []
  m_Father: {fileID: 6642613397401293753}
  m_RootOrder: 0
  m_LocalEulerAnglesHint: {x: 0, y: 0, z: 0}
--- !u!1 &6642613397401456601
GameObject:
  m_ObjectHideFlags: 0
  m_CorrespondingSourceObject: {fileID: 0}
  m_PrefabInstance: {fileID: 0}
  m_PrefabAsset: {fileID: 0}
  serializedVersion: 6
  m_Component:
  - component: {fileID: 6642613397401293753}
  m_Layer: 0
  m_Name: B_L_Finger31
  m_TagString: Untagged
  m_Icon: {fileID: 0}
  m_NavMeshLayer: 0
  m_StaticEditorFlags: 0
  m_IsActive: 1
--- !u!4 &6642613397401293753
Transform:
  m_ObjectHideFlags: 0
  m_CorrespondingSourceObject: {fileID: 0}
  m_PrefabInstance: {fileID: 0}
  m_PrefabAsset: {fileID: 0}
  m_GameObject: {fileID: 6642613397401456601}
  m_LocalRotation: {x: -0.00000013411012, y: -0.00000028125106, z: -0.000006250572, w: 1}
  m_LocalPosition: {x: -0.054388806, y: 0.00000015854835, z: 0}
  m_LocalScale: {x: 1.0000001, y: 0.9999998, z: 1.0000002}
  m_Children:
  - {fileID: 6642613397401293751}
  m_Father: {fileID: 6642613397401293755}
  m_RootOrder: 0
  m_LocalEulerAnglesHint: {x: 0, y: 0, z: 0}
--- !u!1 &6642613397401456603
GameObject:
  m_ObjectHideFlags: 0
  m_CorrespondingSourceObject: {fileID: 0}
  m_PrefabInstance: {fileID: 0}
  m_PrefabAsset: {fileID: 0}
  serializedVersion: 6
  m_Component:
  - component: {fileID: 6642613397401293755}
  m_Layer: 0
  m_Name: B_L_Finger3
  m_TagString: Untagged
  m_Icon: {fileID: 0}
  m_NavMeshLayer: 0
  m_StaticEditorFlags: 0
  m_IsActive: 1
--- !u!4 &6642613397401293755
Transform:
  m_ObjectHideFlags: 0
  m_CorrespondingSourceObject: {fileID: 0}
  m_PrefabInstance: {fileID: 0}
  m_PrefabAsset: {fileID: 0}
  m_GameObject: {fileID: 6642613397401456603}
  m_LocalRotation: {x: 0.7071063, y: 0.00000016641137, z: 0.00000015719131, w: 0.70710725}
  m_LocalPosition: {x: -0.17315131, y: -0.026293334, z: 0.03144604}
  m_LocalScale: {x: 1, y: 0.9999998, z: 1.0000005}
  m_Children:
  - {fileID: 6642613397401293753}
  m_Father: {fileID: 6642613397401293363}
  m_RootOrder: 3
  m_LocalEulerAnglesHint: {x: 0, y: 0, z: 0}
--- !u!1 &6642613397401456605
GameObject:
  m_ObjectHideFlags: 0
  m_CorrespondingSourceObject: {fileID: 0}
  m_PrefabInstance: {fileID: 0}
  m_PrefabAsset: {fileID: 0}
  serializedVersion: 6
  m_Component:
  - component: {fileID: 6642613397401293757}
  m_Layer: 0
  m_Name: B_L_Finger22
  m_TagString: Untagged
  m_Icon: {fileID: 0}
  m_NavMeshLayer: 0
  m_StaticEditorFlags: 0
  m_IsActive: 1
--- !u!4 &6642613397401293757
Transform:
  m_ObjectHideFlags: 0
  m_CorrespondingSourceObject: {fileID: 0}
  m_PrefabInstance: {fileID: 0}
  m_PrefabAsset: {fileID: 0}
  m_GameObject: {fileID: 6642613397401456605}
  m_LocalRotation: {x: 0.000000014901155, y: 0.0000000074505544, z: 0.000000022351744, w: 1}
  m_LocalPosition: {x: -0.063453294, y: 0.00000015258789, z: 0}
  m_LocalScale: {x: 0.99999976, y: 1, z: 1.0000001}
  m_Children: []
  m_Father: {fileID: 6642613397401293759}
  m_RootOrder: 0
  m_LocalEulerAnglesHint: {x: 0, y: 0, z: 0}
--- !u!1 &6642613397401456607
GameObject:
  m_ObjectHideFlags: 0
  m_CorrespondingSourceObject: {fileID: 0}
  m_PrefabInstance: {fileID: 0}
  m_PrefabAsset: {fileID: 0}
  serializedVersion: 6
  m_Component:
  - component: {fileID: 6642613397401293759}
  m_Layer: 0
  m_Name: B_L_Finger21
  m_TagString: Untagged
  m_Icon: {fileID: 0}
  m_NavMeshLayer: 0
  m_StaticEditorFlags: 0
  m_IsActive: 1
--- !u!4 &6642613397401293759
Transform:
  m_ObjectHideFlags: 0
  m_CorrespondingSourceObject: {fileID: 0}
  m_PrefabInstance: {fileID: 0}
  m_PrefabAsset: {fileID: 0}
  m_GameObject: {fileID: 6642613397401456607}
  m_LocalRotation: {x: 0.000000022352085, y: -0.0000002831218, z: -0.0000063739717, w: 1}
  m_LocalPosition: {x: -0.06345321, y: 0.0000000166893, z: 0}
  m_LocalScale: {x: 1.0000006, y: 1.0000001, z: 0.9999997}
  m_Children:
  - {fileID: 6642613397401293757}
  m_Father: {fileID: 6642613397401293697}
  m_RootOrder: 0
  m_LocalEulerAnglesHint: {x: 0, y: 0, z: 0}
--- !u!1 &6642613397401456621
GameObject:
  m_ObjectHideFlags: 0
  m_CorrespondingSourceObject: {fileID: 0}
  m_PrefabInstance: {fileID: 0}
  m_PrefabAsset: {fileID: 0}
  serializedVersion: 6
  m_Component:
  - component: {fileID: 6642613397401293773}
  - component: {fileID: 6642613397404631867}
  m_Layer: 0
  m_Name: RPG-Character-Mesh
  m_TagString: Untagged
  m_Icon: {fileID: 0}
  m_NavMeshLayer: 0
  m_StaticEditorFlags: 0
  m_IsActive: 1
--- !u!4 &6642613397401293773
Transform:
  m_ObjectHideFlags: 0
  m_CorrespondingSourceObject: {fileID: 0}
  m_PrefabInstance: {fileID: 0}
  m_PrefabAsset: {fileID: 0}
  m_GameObject: {fileID: 6642613397401456621}
  m_LocalRotation: {x: -0.7071068, y: 0, z: -0, w: 0.7071068}
  m_LocalPosition: {x: -0.0002596736, y: 0, z: 0}
  m_LocalScale: {x: 1, y: 1, z: 1}
  m_Children: []
  m_Father: {fileID: 6642613397401293357}
  m_RootOrder: 1
  m_LocalEulerAnglesHint: {x: 0, y: 0, z: 0}
--- !u!137 &6642613397404631867
SkinnedMeshRenderer:
  m_ObjectHideFlags: 0
  m_CorrespondingSourceObject: {fileID: 0}
  m_PrefabInstance: {fileID: 0}
  m_PrefabAsset: {fileID: 0}
  m_GameObject: {fileID: 6642613397401456621}
  m_Enabled: 1
  m_CastShadows: 1
  m_ReceiveShadows: 1
  m_DynamicOccludee: 1
  m_MotionVectors: 1
  m_LightProbeUsage: 1
  m_ReflectionProbeUsage: 1
  m_RayTracingMode: 3
  m_RayTraceProcedural: 0
  m_RenderingLayerMask: 1
  m_RendererPriority: 0
  m_Materials:
  - {fileID: 2100000, guid: 73c176f402d2c2f4d929aa5da7585d17, type: 2}
  m_StaticBatchInfo:
    firstSubMesh: 0
    subMeshCount: 0
  m_StaticBatchRoot: {fileID: 0}
  m_ProbeAnchor: {fileID: 0}
  m_LightProbeVolumeOverride: {fileID: 0}
  m_ScaleInLightmap: 1
  m_ReceiveGI: 1
  m_PreserveUVs: 0
  m_IgnoreNormalsForChartDetection: 0
  m_ImportantGI: 0
  m_StitchLightmapSeams: 1
  m_SelectedEditorRenderState: 3
  m_MinimumChartSize: 4
  m_AutoUVMaxDistance: 0.5
  m_AutoUVMaxAngle: 89
  m_LightmapParameters: {fileID: 0}
  m_SortingLayerID: 0
  m_SortingLayer: 0
  m_SortingOrder: 0
  serializedVersion: 2
  m_Quality: 0
  m_UpdateWhenOffscreen: 0
  m_SkinnedMotionVectors: 1
  m_Mesh: {fileID: 4300014, guid: e57e9b8cd5e115f4f8d7736473e5c7fd, type: 3}
  m_Bones:
  - {fileID: 6642613397401293321}
  - {fileID: 6642613397401293779}
  - {fileID: 6642613397401293325}
  - {fileID: 6642613397401293359}
  - {fileID: 6642613397401293403}
  - {fileID: 6642613397401293339}
  - {fileID: 6642613397401293371}
  - {fileID: 6642613397401293369}
  - {fileID: 6642613397401293317}
  - {fileID: 6642613397401293319}
  - {fileID: 6642613397401293777}
  - {fileID: 6642613397401293373}
  - {fileID: 6642613397401293743}
  - {fileID: 6642613397401293361}
  - {fileID: 6642613397401293407}
  - {fileID: 6642613397401293363}
  - {fileID: 6642613397401293331}
  - {fileID: 6642613397401293329}
  - {fileID: 6642613397401293333}
  - {fileID: 6642613397401293781}
  - {fileID: 6642613397401293327}
  - {fileID: 6642613397401293401}
  - {fileID: 6642613397401293375}
  - {fileID: 6642613397401293355}
  - {fileID: 6642613397401293351}
  - {fileID: 6642613397401293697}
  - {fileID: 6642613397401293323}
  - {fileID: 6642613397401293701}
  - {fileID: 6642613397401293755}
  - {fileID: 6642613397401293753}
  - {fileID: 6642613397401293749}
  - {fileID: 6642613397401293747}
  - {fileID: 6642613397401293745}
  - {fileID: 6642613397401293353}
  - {fileID: 6642613397401293759}
  - {fileID: 6642613397401293699}
  - {fileID: 6642613397401293757}
  - {fileID: 6642613397401293751}
  - {fileID: 6642613397401293335}
  - {fileID: 6642613397401293313}
  - {fileID: 6642613397401293735}
  - {fileID: 6642613397401293337}
  - {fileID: 6642613397401293739}
  - {fileID: 6642613397401293729}
  - {fileID: 6642613397401293791}
  - {fileID: 6642613397401293787}
  - {fileID: 6642613397401293785}
  - {fileID: 6642613397401293783}
  - {fileID: 6642613397401293315}
  - {fileID: 6642613397401293733}
  - {fileID: 6642613397401293737}
  - {fileID: 6642613397401293731}
  - {fileID: 6642613397401293789}
  m_BlendShapeWeights: []
  m_RootBone: {fileID: 6642613397401293777}
  m_AABB:
    m_Center: {x: -0.056757122, y: 0.0000053048134, z: 1.2835554}
    m_Extent: {x: 0.23875266, y: 1.3996761, z: 1.2893058}
  m_DirtyAABB: 0
--- !u!1 &6642613397401456625
GameObject:
  m_ObjectHideFlags: 0
  m_CorrespondingSourceObject: {fileID: 0}
  m_PrefabInstance: {fileID: 0}
  m_PrefabAsset: {fileID: 0}
  serializedVersion: 6
  m_Component:
  - component: {fileID: 6642613397401293777}
  m_Layer: 0
  m_Name: Motion
  m_TagString: Untagged
  m_Icon: {fileID: 0}
  m_NavMeshLayer: 0
  m_StaticEditorFlags: 0
  m_IsActive: 1
--- !u!4 &6642613397401293777
Transform:
  m_ObjectHideFlags: 0
  m_CorrespondingSourceObject: {fileID: 0}
  m_PrefabInstance: {fileID: 0}
  m_PrefabAsset: {fileID: 0}
  m_GameObject: {fileID: 6642613397401456625}
  m_LocalRotation: {x: -0.50000036, y: 0.49999967, z: 0.49999967, w: 0.50000036}
  m_LocalPosition: {x: -0.0000000099258495, y: 0, z: -0.0017328988}
  m_LocalScale: {x: 1, y: 1, z: 1}
  m_Children:
  - {fileID: 6642613397401293317}
  m_Father: {fileID: 6642613397401293357}
  m_RootOrder: 0
  m_LocalEulerAnglesHint: {x: 0, y: 0, z: 0}
--- !u!1 &6642613397401456627
GameObject:
  m_ObjectHideFlags: 0
  m_CorrespondingSourceObject: {fileID: 0}
  m_PrefabInstance: {fileID: 0}
  m_PrefabAsset: {fileID: 0}
  serializedVersion: 6
  m_Component:
  - component: {fileID: 6642613397401293779}
  m_Layer: 0
  m_Name: B_Spine2
  m_TagString: Untagged
  m_Icon: {fileID: 0}
  m_NavMeshLayer: 0
  m_StaticEditorFlags: 0
  m_IsActive: 1
--- !u!4 &6642613397401293779
Transform:
  m_ObjectHideFlags: 0
  m_CorrespondingSourceObject: {fileID: 0}
  m_PrefabInstance: {fileID: 0}
  m_PrefabAsset: {fileID: 0}
  m_GameObject: {fileID: 6642613397401456627}
  m_LocalRotation: {x: -0.0000015642768, y: -0.0000002992699, z: 0.00000026822534, w: 1}
  m_LocalPosition: {x: -0.25268355, y: -0.00016082286, z: -1.9572326e-11}
  m_LocalScale: {x: 1.0000002, y: 1.0000002, z: 1}
  m_Children:
  - {fileID: 6642613397401293407}
  - {fileID: 6642613397401293403}
  - {fileID: 6642613397401293401}
  m_Father: {fileID: 6642613397401293321}
  m_RootOrder: 0
  m_LocalEulerAnglesHint: {x: 0, y: 0, z: 0}
--- !u!1 &6642613397401456629
GameObject:
  m_ObjectHideFlags: 0
  m_CorrespondingSourceObject: {fileID: 0}
  m_PrefabInstance: {fileID: 0}
  m_PrefabAsset: {fileID: 0}
  serializedVersion: 6
  m_Component:
  - component: {fileID: 6642613397401293781}
  m_Layer: 0
  m_Name: B_R_Toe0
  m_TagString: Untagged
  m_Icon: {fileID: 0}
  m_NavMeshLayer: 0
  m_StaticEditorFlags: 0
  m_IsActive: 1
--- !u!4 &6642613397401293781
Transform:
  m_ObjectHideFlags: 0
  m_CorrespondingSourceObject: {fileID: 0}
  m_PrefabInstance: {fileID: 0}
  m_PrefabAsset: {fileID: 0}
  m_GameObject: {fileID: 6642613397401456629}
  m_LocalRotation: {x: 0.00000001651056, y: -0.000000059070373, z: -0.7132062, w: 0.7009543}
  m_LocalPosition: {x: -0.14912967, y: 0.24276678, z: 0.0026480292}
  m_LocalScale: {x: 1, y: 1.0000001, z: 1}
  m_Children: []
  m_Father: {fileID: 6642613397401293333}
  m_RootOrder: 0
  m_LocalEulerAnglesHint: {x: 0, y: 0, z: 0}
--- !u!1 &6642613397401456631
GameObject:
  m_ObjectHideFlags: 0
  m_CorrespondingSourceObject: {fileID: 0}
  m_PrefabInstance: {fileID: 0}
  m_PrefabAsset: {fileID: 0}
  serializedVersion: 6
  m_Component:
  - component: {fileID: 6642613397401293783}
  m_Layer: 0
  m_Name: B_R_Finger42
  m_TagString: Untagged
  m_Icon: {fileID: 0}
  m_NavMeshLayer: 0
  m_StaticEditorFlags: 0
  m_IsActive: 1
--- !u!4 &6642613397401293783
Transform:
  m_ObjectHideFlags: 0
  m_CorrespondingSourceObject: {fileID: 0}
  m_PrefabInstance: {fileID: 0}
  m_PrefabAsset: {fileID: 0}
  m_GameObject: {fileID: 6642613397401456631}
  m_LocalRotation: {x: -0.7071068, y: -0.000000011854597, z: 0.000000118536924, w: 0.7071067}
  m_LocalPosition: {x: -0.045324173, y: 0, z: 0.00000016212464}
  m_LocalScale: {x: 0.9999999, y: 0.99999964, z: 1.0000001}
  m_Children: []
  m_Father: {fileID: 6642613397401293785}
  m_RootOrder: 0
  m_LocalEulerAnglesHint: {x: 0, y: 0, z: 0}
--- !u!1 &6642613397401456633
GameObject:
  m_ObjectHideFlags: 0
  m_CorrespondingSourceObject: {fileID: 0}
  m_PrefabInstance: {fileID: 0}
  m_PrefabAsset: {fileID: 0}
  serializedVersion: 6
  m_Component:
  - component: {fileID: 6642613397401293785}
  m_Layer: 0
  m_Name: B_R_Finger41
  m_TagString: Untagged
  m_Icon: {fileID: 0}
  m_NavMeshLayer: 0
  m_StaticEditorFlags: 0
  m_IsActive: 1
--- !u!4 &6642613397401293785
Transform:
  m_ObjectHideFlags: 0
  m_CorrespondingSourceObject: {fileID: 0}
  m_PrefabInstance: {fileID: 0}
  m_PrefabAsset: {fileID: 0}
  m_GameObject: {fileID: 6642613397401456633}
  m_LocalRotation: {x: -0.7071067, y: -0.0000000750721, z: 0.00000007112149, w: 0.7071068}
  m_LocalPosition: {x: -0.04532333, y: 0.00000046253203, z: 0.00000045776366}
  m_LocalScale: {x: 1.0000005, y: 0.9999999, z: 1.0000005}
  m_Children:
  - {fileID: 6642613397401293783}
  m_Father: {fileID: 6642613397401293787}
  m_RootOrder: 0
  m_LocalEulerAnglesHint: {x: 0, y: 0, z: 0}
--- !u!1 &6642613397401456635
GameObject:
  m_ObjectHideFlags: 0
  m_CorrespondingSourceObject: {fileID: 0}
  m_PrefabInstance: {fileID: 0}
  m_PrefabAsset: {fileID: 0}
  serializedVersion: 6
  m_Component:
  - component: {fileID: 6642613397401293787}
  m_Layer: 0
  m_Name: B_R_Finger4
  m_TagString: Untagged
  m_Icon: {fileID: 0}
  m_NavMeshLayer: 0
  m_StaticEditorFlags: 0
  m_IsActive: 1
--- !u!4 &6642613397401293787
Transform:
  m_ObjectHideFlags: 0
  m_CorrespondingSourceObject: {fileID: 0}
  m_PrefabInstance: {fileID: 0}
  m_PrefabAsset: {fileID: 0}
  m_GameObject: {fileID: 6642613397401456635}
  m_LocalRotation: {x: -0.7071066, y: 0.000000015663698, z: 0.000000103118715, w: 0.70710695}
  m_LocalPosition: {x: -0.1731517, y: -0.026262969, z: -0.06989247}
  m_LocalScale: {x: 1.0000002, y: 1.0000006, z: 1.0000012}
  m_Children:
  - {fileID: 6642613397401293785}
  m_Father: {fileID: 6642613397401293375}
  m_RootOrder: 4
  m_LocalEulerAnglesHint: {x: 0, y: 0, z: 0}
--- !u!1 &6642613397401456637
GameObject:
  m_ObjectHideFlags: 0
  m_CorrespondingSourceObject: {fileID: 0}
  m_PrefabInstance: {fileID: 0}
  m_PrefabAsset: {fileID: 0}
  serializedVersion: 6
  m_Component:
  - component: {fileID: 6642613397401293789}
  m_Layer: 0
  m_Name: B_R_Finger32
  m_TagString: Untagged
  m_Icon: {fileID: 0}
  m_NavMeshLayer: 0
  m_StaticEditorFlags: 0
  m_IsActive: 1
--- !u!4 &6642613397401293789
Transform:
  m_ObjectHideFlags: 0
  m_CorrespondingSourceObject: {fileID: 0}
  m_PrefabInstance: {fileID: 0}
  m_PrefabAsset: {fileID: 0}
  m_GameObject: {fileID: 6642613397401456637}
  m_LocalRotation: {x: 0.00000028591583, y: -0.000000014901342, z: -0.000000026309474, w: 1}
  m_LocalPosition: {x: -0.05438858, y: -0.0000001513958, z: -0.00000015258789}
  m_LocalScale: {x: 0.9999998, y: 1, z: 1.0000004}
  m_Children: []
  m_Father: {fileID: 6642613397401293791}
  m_RootOrder: 0
  m_LocalEulerAnglesHint: {x: 0, y: 0, z: 0}
--- !u!1 &6642613397401456639
GameObject:
  m_ObjectHideFlags: 0
  m_CorrespondingSourceObject: {fileID: 0}
  m_PrefabInstance: {fileID: 0}
  m_PrefabAsset: {fileID: 0}
  serializedVersion: 6
  m_Component:
  - component: {fileID: 6642613397401293791}
  m_Layer: 0
  m_Name: B_R_Finger31
  m_TagString: Untagged
  m_Icon: {fileID: 0}
  m_NavMeshLayer: 0
  m_StaticEditorFlags: 0
  m_IsActive: 1
--- !u!4 &6642613397401293791
Transform:
  m_ObjectHideFlags: 0
  m_CorrespondingSourceObject: {fileID: 0}
  m_PrefabInstance: {fileID: 0}
  m_PrefabAsset: {fileID: 0}
  m_GameObject: {fileID: 6642613397401456639}
  m_LocalRotation: {x: -0.0000000061636323, y: 0.000000111758375, z: -0.000006249783, w: 1}
  m_LocalPosition: {x: -0.05438835, y: -0.000000095367426, z: 0}
  m_LocalScale: {x: 1.0000002, y: 1.0000001, z: 1.0000004}
  m_Children:
  - {fileID: 6642613397401293789}
  m_Father: {fileID: 6642613397401293729}
  m_RootOrder: 0
  m_LocalEulerAnglesHint: {x: 0, y: 0, z: 0}
